;; -*- mode: org; mode: beancount; -*-
;; Birth: 1980-05-12
;; Dates: 2019-01-01 - 2021-09-13
;; THIS FILE HAS BEEN AUTO-GENERATED.
* Options

option "title" "Example Beancount file"
option "operating_currency" "USD"




* Commodities


1792-01-01 commodity USD
  export: "CASH"
  name: "US Dollar"

1900-01-01 commodity VMMXX
  export: "MUTF:VMMXX (MONEY:USD)"

1980-05-12 commodity VACHR
  export: "IGNORE"
  name: "Employer Vacation Hours"

1980-05-12 commodity IRAUSD
  export: "IGNORE"
  name: "US 401k and IRA Contributions"

1995-09-18 commodity VBMPX
  export: "MUTF:VBMPX"
  name: "Vanguard Total Bond Market Index Fund Institutional Plus Shares"
  price: "USD:google/MUTF:VBMPX"

2004-01-20 commodity ITOT
  export: "NYSEARCA:ITOT"
  name: "iShares Core S&P Total U.S. Stock Market ETF"
  price: "USD:google/NYSEARCA:ITOT"

2004-01-26 commodity VHT
  export: "NYSEARCA:VHT"
  name: "Vanguard Health Care ETF"
  price: "USD:google/NYSEARCA:VHT"

2004-11-01 commodity GLD
  export: "NYSEARCA:GLD"
  name: "SPDR Gold Trust (ETF)"
  price: "USD:google/NYSEARCA:GLD"

2007-07-20 commodity VEA
  export: "NYSEARCA:VEA"
  name: "Vanguard FTSE Developed Markets ETF"
  price: "USD:google/NYSEARCA:VEA"

2009-05-01 commodity RGAGX
  export: "MUTF:RGAGX"
  name: "American Funds The Growth Fund of America Class R-6"
  price: "USD:google/MUTF:RGAGX"



* Equity Accounts

1980-05-12 open Equity:Opening-Balances
1980-05-12 open Liabilities:AccountsPayable



* Banking

2019-01-01 open Assets:US:BofA
  address: "123 America Street, LargeTown, USA"
  institution: "Bank of America"
  phone: "+1.012.345.6789"
2019-01-01 open Assets:US:BofA:Checking                        USD
  account: "00234-48574897"

2019-01-01 * "Opening Balance for checking account"
  Assets:US:BofA:Checking                         3488.92 USD
  Equity:Opening-Balances                        -3488.92 USD

2019-01-02 balance Assets:US:BofA:Checking        3488.92 USD

2019-01-03 * "RiverBank Properties" "Paying the rent"
  Assets:US:BofA:Checking                        -2400.00 USD
  Expenses:Home:Rent                              2400.00 USD

2019-01-04 * "BANK FEES" "Monthly bank fee"
  Assets:US:BofA:Checking                           -4.00 USD
  Expenses:Financial:Fees                            4.00 USD

2019-01-08 * "EDISON POWER" ""
  Assets:US:BofA:Checking                          -65.00 USD
  Expenses:Home:Electricity                         65.00 USD

2019-01-20 * "Verizon Wireless" ""
  Assets:US:BofA:Checking                          -49.50 USD
  Expenses:Home:Phone                               49.50 USD

2019-01-23 * "Wine-Tarner Cable" ""
  Assets:US:BofA:Checking                          -79.95 USD
  Expenses:Home:Internet                            79.95 USD

2019-01-25 balance Assets:US:BofA:Checking        3396.04 USD

2019-02-04 * "BANK FEES" "Monthly bank fee"
  Assets:US:BofA:Checking                           -4.00 USD
  Expenses:Financial:Fees                            4.00 USD

2019-02-06 * "RiverBank Properties" "Paying the rent"
  Assets:US:BofA:Checking                        -2400.00 USD
  Expenses:Home:Rent                              2400.00 USD

2019-02-08 * "EDISON POWER" ""
  Assets:US:BofA:Checking                          -65.00 USD
  Expenses:Home:Electricity                         65.00 USD

2019-02-16 balance Assets:US:BofA:Checking        2937.49 USD

2019-02-20 * "Verizon Wireless" ""
  Assets:US:BofA:Checking                          -62.90 USD
  Expenses:Home:Phone                               62.90 USD

2019-02-22 * "Wine-Tarner Cable" ""
  Assets:US:BofA:Checking                          -80.00 USD
  Expenses:Home:Internet                            80.00 USD

2019-03-04 * "BANK FEES" "Monthly bank fee"
  Assets:US:BofA:Checking                           -4.00 USD
  Expenses:Financial:Fees                            4.00 USD

2019-03-04 * "RiverBank Properties" "Paying the rent"
  Assets:US:BofA:Checking                        -2400.00 USD
  Expenses:Home:Rent                              2400.00 USD

2019-03-09 * "EDISON POWER" ""
  Assets:US:BofA:Checking                          -65.00 USD
  Expenses:Home:Electricity                         65.00 USD

2019-03-14 balance Assets:US:BofA:Checking         931.33 USD

2019-03-20 * "Verizon Wireless" ""
  Assets:US:BofA:Checking                          -74.96 USD
  Expenses:Home:Phone                               74.96 USD

2019-03-22 * "Wine-Tarner Cable" ""
  Assets:US:BofA:Checking                          -80.19 USD
  Expenses:Home:Internet                            80.19 USD

2019-04-03 * "RiverBank Properties" "Paying the rent"
  Assets:US:BofA:Checking                        -2400.00 USD
  Expenses:Home:Rent                              2400.00 USD

2019-04-04 * "BANK FEES" "Monthly bank fee"
  Assets:US:BofA:Checking                           -4.00 USD
  Expenses:Financial:Fees                            4.00 USD

2019-04-05 balance Assets:US:BofA:Checking        1073.38 USD

2019-04-09 * "EDISON POWER" ""
  Assets:US:BofA:Checking                          -65.00 USD
  Expenses:Home:Electricity                         65.00 USD

2019-04-19 * "Verizon Wireless" ""
  Assets:US:BofA:Checking                          -58.04 USD
  Expenses:Home:Phone                               58.04 USD

2019-04-22 * "Wine-Tarner Cable" ""
  Assets:US:BofA:Checking                          -79.95 USD
  Expenses:Home:Internet                            79.95 USD

2019-05-03 * "RiverBank Properties" "Paying the rent"
  Assets:US:BofA:Checking                        -2400.00 USD
  Expenses:Home:Rent                              2400.00 USD

2019-05-04 * "BANK FEES" "Monthly bank fee"
  Assets:US:BofA:Checking                           -4.00 USD
  Expenses:Financial:Fees                            4.00 USD

2019-05-05 balance Assets:US:BofA:Checking         574.13 USD

2019-05-08 * "EDISON POWER" ""
  Assets:US:BofA:Checking                          -65.00 USD
  Expenses:Home:Electricity                         65.00 USD

2019-05-18 * "Verizon Wireless" ""
  Assets:US:BofA:Checking                          -61.89 USD
  Expenses:Home:Phone                               61.89 USD

2019-05-22 * "Wine-Tarner Cable" ""
  Assets:US:BofA:Checking                          -79.92 USD
  Expenses:Home:Internet                            79.92 USD

2019-05-26 balance Assets:US:BofA:Checking        2388.08 USD

2019-06-04 * "BANK FEES" "Monthly bank fee"
  Assets:US:BofA:Checking                           -4.00 USD
  Expenses:Financial:Fees                            4.00 USD

2019-06-06 * "RiverBank Properties" "Paying the rent"
  Assets:US:BofA:Checking                        -2400.00 USD
  Expenses:Home:Rent                              2400.00 USD

2019-06-08 * "EDISON POWER" ""
  Assets:US:BofA:Checking                          -65.00 USD
  Expenses:Home:Electricity                         65.00 USD

2019-06-18 * "Verizon Wireless" ""
  Assets:US:BofA:Checking                          -47.32 USD
  Expenses:Home:Phone                               47.32 USD

2019-06-21 * "Wine-Tarner Cable" ""
  Assets:US:BofA:Checking                          -79.82 USD
  Expenses:Home:Internet                            79.82 USD

2019-06-25 balance Assets:US:BofA:Checking        1703.01 USD

2019-07-04 * "BANK FEES" "Monthly bank fee"
  Assets:US:BofA:Checking                           -4.00 USD
  Expenses:Financial:Fees                            4.00 USD

2019-07-06 * "RiverBank Properties" "Paying the rent"
  Assets:US:BofA:Checking                        -2400.00 USD
  Expenses:Home:Rent                              2400.00 USD

2019-07-09 * "EDISON POWER" ""
  Assets:US:BofA:Checking                          -65.00 USD
  Expenses:Home:Electricity                         65.00 USD

2019-07-19 * "Verizon Wireless" ""
  Assets:US:BofA:Checking                          -60.19 USD
  Expenses:Home:Phone                               60.19 USD

2019-07-23 * "Wine-Tarner Cable" ""
  Assets:US:BofA:Checking                          -79.85 USD
  Expenses:Home:Internet                            79.85 USD

2019-07-24 balance Assets:US:BofA:Checking        1210.56 USD

2019-08-04 * "BANK FEES" "Monthly bank fee"
  Assets:US:BofA:Checking                           -4.00 USD
  Expenses:Financial:Fees                            4.00 USD

2019-08-04 * "RiverBank Properties" "Paying the rent"
  Assets:US:BofA:Checking                        -2400.00 USD
  Expenses:Home:Rent                              2400.00 USD

2019-08-09 * "EDISON POWER" ""
  Assets:US:BofA:Checking                          -65.00 USD
  Expenses:Home:Electricity                         65.00 USD

2019-08-18 balance Assets:US:BofA:Checking        2677.45 USD

2019-08-18 * "Verizon Wireless" ""
  Assets:US:BofA:Checking                          -24.73 USD
  Expenses:Home:Phone                               24.73 USD

2019-08-23 * "Wine-Tarner Cable" ""
  Assets:US:BofA:Checking                          -79.87 USD
  Expenses:Home:Internet                            79.87 USD

2019-09-03 * "RiverBank Properties" "Paying the rent"
  Assets:US:BofA:Checking                        -2400.00 USD
  Expenses:Home:Rent                              2400.00 USD

2019-09-04 * "BANK FEES" "Monthly bank fee"
  Assets:US:BofA:Checking                           -4.00 USD
  Expenses:Financial:Fees                            4.00 USD

2019-09-08 balance Assets:US:BofA:Checking        2719.45 USD

2019-09-08 * "EDISON POWER" ""
  Assets:US:BofA:Checking                          -65.00 USD
  Expenses:Home:Electricity                         65.00 USD

2019-09-13 * "Transfering accumulated savings to other account"
  Assets:US:BofA:Checking                           -4000 USD
  Assets:US:ETrade:Cash                              4000 USD

2019-09-20 * "Verizon Wireless" ""
  Assets:US:BofA:Checking                          -55.03 USD
  Expenses:Home:Phone                               55.03 USD

2019-09-23 * "Wine-Tarner Cable" ""
  Assets:US:BofA:Checking                          -79.96 USD
  Expenses:Home:Internet                            79.96 USD

2019-09-28 balance Assets:US:BofA:Checking        2956.21 USD

2019-10-04 * "BANK FEES" "Monthly bank fee"
  Assets:US:BofA:Checking                           -4.00 USD
  Expenses:Financial:Fees                            4.00 USD

2019-10-05 * "RiverBank Properties" "Paying the rent"
  Assets:US:BofA:Checking                        -2400.00 USD
  Expenses:Home:Rent                              2400.00 USD

2019-10-09 * "EDISON POWER" ""
  Assets:US:BofA:Checking                          -65.00 USD
  Expenses:Home:Electricity                         65.00 USD

2019-10-20 * "Verizon Wireless" ""
  Assets:US:BofA:Checking                          -66.30 USD
  Expenses:Home:Phone                               66.30 USD

2019-10-21 * "Wine-Tarner Cable" ""
  Assets:US:BofA:Checking                          -80.01 USD
  Expenses:Home:Internet                            80.01 USD

2019-10-25 balance Assets:US:BofA:Checking        4800.98 USD

2019-11-04 * "BANK FEES" "Monthly bank fee"
  Assets:US:BofA:Checking                           -4.00 USD
  Expenses:Financial:Fees                            4.00 USD

2019-11-04 * "RiverBank Properties" "Paying the rent"
  Assets:US:BofA:Checking                        -2400.00 USD
  Expenses:Home:Rent                              2400.00 USD

2019-11-08 * "EDISON POWER" ""
  Assets:US:BofA:Checking                          -65.00 USD
  Expenses:Home:Electricity                         65.00 USD

2019-11-08 * "Transfering accumulated savings to other account"
  Assets:US:BofA:Checking                           -4000 USD
  Assets:US:ETrade:Cash                              4000 USD

2019-11-18 * "Verizon Wireless" ""
  Assets:US:BofA:Checking                          -46.33 USD
  Expenses:Home:Phone                               46.33 USD

2019-11-21 * "Wine-Tarner Cable" ""
  Assets:US:BofA:Checking                          -80.00 USD
  Expenses:Home:Internet                            80.00 USD

2019-11-22 balance Assets:US:BofA:Checking        2706.77 USD

2019-12-03 * "RiverBank Properties" "Paying the rent"
  Assets:US:BofA:Checking                        -2400.00 USD
  Expenses:Home:Rent                              2400.00 USD

2019-12-04 * "BANK FEES" "Monthly bank fee"
  Assets:US:BofA:Checking                           -4.00 USD
  Expenses:Financial:Fees                            4.00 USD

2019-12-09 * "EDISON POWER" ""
  Assets:US:BofA:Checking                          -65.00 USD
  Expenses:Home:Electricity                         65.00 USD

2019-12-20 balance Assets:US:BofA:Checking        5034.41 USD

2019-12-20 * "Verizon Wireless" ""
  Assets:US:BofA:Checking                          -65.41 USD
  Expenses:Home:Phone                               65.41 USD

2019-12-21 * "Wine-Tarner Cable" ""
  Assets:US:BofA:Checking                          -79.88 USD
  Expenses:Home:Internet                            79.88 USD

2020-01-04 * "BANK FEES" "Monthly bank fee"
  Assets:US:BofA:Checking                           -4.00 USD
  Expenses:Financial:Fees                            4.00 USD

2020-01-04 * "RiverBank Properties" "Paying the rent"
  Assets:US:BofA:Checking                        -2400.00 USD
  Expenses:Home:Rent                              2400.00 USD

2020-01-09 * "EDISON POWER" ""
  Assets:US:BofA:Checking                          -65.00 USD
  Expenses:Home:Electricity                         65.00 USD

2020-01-14 balance Assets:US:BofA:Checking        3089.66 USD

2020-01-19 * "Verizon Wireless" ""
  Assets:US:BofA:Checking                          -38.08 USD
  Expenses:Home:Phone                               38.08 USD

2020-01-23 * "Wine-Tarner Cable" ""
  Assets:US:BofA:Checking                          -79.86 USD
  Expenses:Home:Internet                            79.86 USD

2020-02-04 * "BANK FEES" "Monthly bank fee"
  Assets:US:BofA:Checking                           -4.00 USD
  Expenses:Financial:Fees                            4.00 USD

2020-02-06 * "RiverBank Properties" "Paying the rent"
  Assets:US:BofA:Checking                        -2400.00 USD
  Expenses:Home:Rent                              2400.00 USD

2020-02-08 * "EDISON POWER" ""
  Assets:US:BofA:Checking                          -65.00 USD
  Expenses:Home:Electricity                         65.00 USD

2020-02-10 balance Assets:US:BofA:Checking        3203.92 USD

2020-02-20 * "Verizon Wireless" ""
  Assets:US:BofA:Checking                          -75.16 USD
  Expenses:Home:Phone                               75.16 USD

2020-02-23 * "Wine-Tarner Cable" ""
  Assets:US:BofA:Checking                          -79.91 USD
  Expenses:Home:Internet                            79.91 USD

2020-03-04 * "BANK FEES" "Monthly bank fee"
  Assets:US:BofA:Checking                           -4.00 USD
  Expenses:Financial:Fees                            4.00 USD

2020-03-05 * "RiverBank Properties" "Paying the rent"
  Assets:US:BofA:Checking                        -2400.00 USD
  Expenses:Home:Rent                              2400.00 USD

2020-03-08 balance Assets:US:BofA:Checking        2615.88 USD

2020-03-09 * "EDISON POWER" ""
  Assets:US:BofA:Checking                          -65.00 USD
  Expenses:Home:Electricity                         65.00 USD

2020-03-18 * "Verizon Wireless" ""
  Assets:US:BofA:Checking                          -67.21 USD
  Expenses:Home:Phone                               67.21 USD

2020-03-22 * "Wine-Tarner Cable" ""
  Assets:US:BofA:Checking                          -79.90 USD
  Expenses:Home:Internet                            79.90 USD

2020-03-28 balance Assets:US:BofA:Checking        4753.20 USD

2020-04-04 * "BANK FEES" "Monthly bank fee"
  Assets:US:BofA:Checking                           -4.00 USD
  Expenses:Financial:Fees                            4.00 USD

2020-04-05 * "RiverBank Properties" "Paying the rent"
  Assets:US:BofA:Checking                        -2400.00 USD
  Expenses:Home:Rent                              2400.00 USD

2020-04-08 * "EDISON POWER" ""
  Assets:US:BofA:Checking                          -65.00 USD
  Expenses:Home:Electricity                         65.00 USD

2020-04-19 balance Assets:US:BofA:Checking        2444.14 USD

2020-04-19 * "Verizon Wireless" ""
  Assets:US:BofA:Checking                          -65.78 USD
  Expenses:Home:Phone                               65.78 USD

2020-04-21 * "Wine-Tarner Cable" ""
  Assets:US:BofA:Checking                          -79.86 USD
  Expenses:Home:Internet                            79.86 USD

2020-05-04 * "BANK FEES" "Monthly bank fee"
  Assets:US:BofA:Checking                           -4.00 USD
  Expenses:Financial:Fees                            4.00 USD

2020-05-06 * "RiverBank Properties" "Paying the rent"
  Assets:US:BofA:Checking                        -2400.00 USD
  Expenses:Home:Rent                              2400.00 USD

2020-05-09 * "EDISON POWER" ""
  Assets:US:BofA:Checking                          -65.00 USD
  Expenses:Home:Electricity                         65.00 USD

2020-05-18 balance Assets:US:BofA:Checking        1762.55 USD

2020-05-19 * "Verizon Wireless" ""
  Assets:US:BofA:Checking                          -63.66 USD
  Expenses:Home:Phone                               63.66 USD

2020-05-21 * "Wine-Tarner Cable" ""
  Assets:US:BofA:Checking                          -80.17 USD
  Expenses:Home:Internet                            80.17 USD

2020-06-03 * "RiverBank Properties" "Paying the rent"
  Assets:US:BofA:Checking                        -2400.00 USD
  Expenses:Home:Rent                              2400.00 USD

2020-06-04 * "BANK FEES" "Monthly bank fee"
  Assets:US:BofA:Checking                           -4.00 USD
  Expenses:Financial:Fees                            4.00 USD

2020-06-09 balance Assets:US:BofA:Checking        1915.92 USD

2020-06-09 * "EDISON POWER" ""
  Assets:US:BofA:Checking                          -65.00 USD
  Expenses:Home:Electricity                         65.00 USD

2020-06-19 * "Verizon Wireless" ""
  Assets:US:BofA:Checking                          -54.93 USD
  Expenses:Home:Phone                               54.93 USD

2020-06-21 * "Wine-Tarner Cable" ""
  Assets:US:BofA:Checking                          -79.88 USD
  Expenses:Home:Internet                            79.88 USD

2020-07-04 * "BANK FEES" "Monthly bank fee"
  Assets:US:BofA:Checking                           -4.00 USD
  Expenses:Financial:Fees                            4.00 USD

2020-07-06 * "RiverBank Properties" "Paying the rent"
  Assets:US:BofA:Checking                        -2400.00 USD
  Expenses:Home:Rent                              2400.00 USD

2020-07-08 balance Assets:US:BofA:Checking        1347.52 USD

2020-07-08 * "EDISON POWER" ""
  Assets:US:BofA:Checking                          -65.00 USD
  Expenses:Home:Electricity                         65.00 USD

2020-07-19 * "Verizon Wireless" ""
  Assets:US:BofA:Checking                          -49.19 USD
  Expenses:Home:Phone                               49.19 USD

2020-07-22 * "Wine-Tarner Cable" ""
  Assets:US:BofA:Checking                          -79.97 USD
  Expenses:Home:Internet                            79.97 USD

2020-07-28 balance Assets:US:BofA:Checking        1826.89 USD

2020-08-04 * "BANK FEES" "Monthly bank fee"
  Assets:US:BofA:Checking                           -4.00 USD
  Expenses:Financial:Fees                            4.00 USD

2020-08-04 * "RiverBank Properties" "Paying the rent"
  Assets:US:BofA:Checking                        -2400.00 USD
  Expenses:Home:Rent                              2400.00 USD

2020-08-09 * "EDISON POWER" ""
  Assets:US:BofA:Checking                          -65.00 USD
  Expenses:Home:Electricity                         65.00 USD

2020-08-18 * "Verizon Wireless" ""
  Assets:US:BofA:Checking                          -66.23 USD
  Expenses:Home:Phone                               66.23 USD

2020-08-21 * "Wine-Tarner Cable" ""
  Assets:US:BofA:Checking                          -79.92 USD
  Expenses:Home:Internet                            79.92 USD

2020-08-23 balance Assets:US:BofA:Checking        3625.53 USD

2020-09-04 * "BANK FEES" "Monthly bank fee"
  Assets:US:BofA:Checking                           -4.00 USD
  Expenses:Financial:Fees                            4.00 USD

2020-09-05 * "RiverBank Properties" "Paying the rent"
  Assets:US:BofA:Checking                        -2400.00 USD
  Expenses:Home:Rent                              2400.00 USD

2020-09-09 * "EDISON POWER" ""
  Assets:US:BofA:Checking                          -65.00 USD
  Expenses:Home:Electricity                         65.00 USD

2020-09-11 * "Transfering accumulated savings to other account"
  Assets:US:BofA:Checking                           -5000 USD
  Assets:US:ETrade:Cash                              5000 USD

2020-09-17 balance Assets:US:BofA:Checking         655.73 USD

2020-09-19 * "Verizon Wireless" ""
  Assets:US:BofA:Checking                          -62.73 USD
  Expenses:Home:Phone                               62.73 USD

2020-09-23 * "Wine-Tarner Cable" ""
  Assets:US:BofA:Checking                          -79.83 USD
  Expenses:Home:Internet                            79.83 USD

2020-10-04 * "BANK FEES" "Monthly bank fee"
  Assets:US:BofA:Checking                           -4.00 USD
  Expenses:Financial:Fees                            4.00 USD

2020-10-04 * "RiverBank Properties" "Paying the rent"
  Assets:US:BofA:Checking                        -2400.00 USD
  Expenses:Home:Rent                              2400.00 USD

2020-10-08 * "EDISON POWER" ""
  Assets:US:BofA:Checking                          -65.00 USD
  Expenses:Home:Electricity                         65.00 USD

2020-10-09 balance Assets:US:BofA:Checking        3145.37 USD

2020-10-19 * "Verizon Wireless" ""
  Assets:US:BofA:Checking                          -48.87 USD
  Expenses:Home:Phone                               48.87 USD

2020-10-23 * "Wine-Tarner Cable" ""
  Assets:US:BofA:Checking                          -79.91 USD
  Expenses:Home:Internet                            79.91 USD

2020-10-23 * "Transfering accumulated savings to other account"
  Assets:US:BofA:Checking                           -4000 USD
  Assets:US:ETrade:Cash                              4000 USD

2020-11-04 * "BANK FEES" "Monthly bank fee"
  Assets:US:BofA:Checking                           -4.00 USD
  Expenses:Financial:Fees                            4.00 USD

2020-11-05 * "RiverBank Properties" "Paying the rent"
  Assets:US:BofA:Checking                        -2400.00 USD
  Expenses:Home:Rent                              2400.00 USD

2020-11-07 balance Assets:US:BofA:Checking         992.85 USD

2020-11-09 * "EDISON POWER" ""
  Assets:US:BofA:Checking                          -65.00 USD
  Expenses:Home:Electricity                         65.00 USD

2020-11-18 * "Verizon Wireless" ""
  Assets:US:BofA:Checking                          -58.33 USD
  Expenses:Home:Phone                               58.33 USD

2020-11-23 * "Wine-Tarner Cable" ""
  Assets:US:BofA:Checking                          -79.93 USD
  Expenses:Home:Internet                            79.93 USD

2020-12-03 balance Assets:US:BofA:Checking        2673.49 USD

2020-12-04 * "BANK FEES" "Monthly bank fee"
  Assets:US:BofA:Checking                           -4.00 USD
  Expenses:Financial:Fees                            4.00 USD

2020-12-05 * "RiverBank Properties" "Paying the rent"
  Assets:US:BofA:Checking                        -2400.00 USD
  Expenses:Home:Rent                              2400.00 USD

2020-12-09 * "EDISON POWER" ""
  Assets:US:BofA:Checking                          -65.00 USD
  Expenses:Home:Electricity                         65.00 USD

2020-12-18 * "Verizon Wireless" ""
  Assets:US:BofA:Checking                          -67.70 USD
  Expenses:Home:Phone                               67.70 USD

2020-12-22 * "Wine-Tarner Cable" ""
  Assets:US:BofA:Checking                          -79.99 USD
  Expenses:Home:Internet                            79.99 USD

2020-12-31 balance Assets:US:BofA:Checking        4769.00 USD

2021-01-04 * "BANK FEES" "Monthly bank fee"
  Assets:US:BofA:Checking                           -4.00 USD
  Expenses:Financial:Fees                            4.00 USD

2021-01-04 * "RiverBank Properties" "Paying the rent"
  Assets:US:BofA:Checking                        -2400.00 USD
  Expenses:Home:Rent                              2400.00 USD

2021-01-08 * "EDISON POWER" ""
  Assets:US:BofA:Checking                          -65.00 USD
  Expenses:Home:Electricity                         65.00 USD

2021-01-19 * "Verizon Wireless" ""
  Assets:US:BofA:Checking                          -60.34 USD
  Expenses:Home:Phone                               60.34 USD

2021-01-21 * "Wine-Tarner Cable" ""
  Assets:US:BofA:Checking                          -80.09 USD
  Expenses:Home:Internet                            80.09 USD

2021-01-22 balance Assets:US:BofA:Checking        5574.28 USD

2021-02-04 * "BANK FEES" "Monthly bank fee"
  Assets:US:BofA:Checking                           -4.00 USD
  Expenses:Financial:Fees                            4.00 USD

2021-02-05 * "RiverBank Properties" "Paying the rent"
  Assets:US:BofA:Checking                        -2400.00 USD
  Expenses:Home:Rent                              2400.00 USD

2021-02-08 * "EDISON POWER" ""
  Assets:US:BofA:Checking                          -65.00 USD
  Expenses:Home:Electricity                         65.00 USD

2021-02-12 balance Assets:US:BofA:Checking        5150.81 USD

2021-02-19 * "Verizon Wireless" ""
  Assets:US:BofA:Checking                          -55.64 USD
  Expenses:Home:Phone                               55.64 USD

2021-02-21 * "Wine-Tarner Cable" ""
  Assets:US:BofA:Checking                          -80.03 USD
  Expenses:Home:Internet                            80.03 USD

2021-03-03 * "RiverBank Properties" "Paying the rent"
  Assets:US:BofA:Checking                        -2400.00 USD
  Expenses:Home:Rent                              2400.00 USD

2021-03-04 * "BANK FEES" "Monthly bank fee"
  Assets:US:BofA:Checking                           -4.00 USD
  Expenses:Financial:Fees                            4.00 USD

2021-03-09 * "EDISON POWER" ""
  Assets:US:BofA:Checking                          -65.00 USD
  Expenses:Home:Electricity                         65.00 USD

2021-03-13 balance Assets:US:BofA:Checking        4934.00 USD

2021-03-19 * "Verizon Wireless" ""
  Assets:US:BofA:Checking                          -56.07 USD
  Expenses:Home:Phone                               56.07 USD

2021-03-22 * "Wine-Tarner Cable" ""
  Assets:US:BofA:Checking                          -79.91 USD
  Expenses:Home:Internet                            79.91 USD

2021-04-04 * "BANK FEES" "Monthly bank fee"
  Assets:US:BofA:Checking                           -4.00 USD
  Expenses:Financial:Fees                            4.00 USD

2021-04-06 * "RiverBank Properties" "Paying the rent"
  Assets:US:BofA:Checking                        -2400.00 USD
  Expenses:Home:Rent                              2400.00 USD

2021-04-08 * "EDISON POWER" ""
  Assets:US:BofA:Checking                          -65.00 USD
  Expenses:Home:Electricity                         65.00 USD

2021-04-09 balance Assets:US:BofA:Checking        4388.13 USD

2021-04-20 * "Verizon Wireless" ""
  Assets:US:BofA:Checking                          -61.97 USD
  Expenses:Home:Phone                               61.97 USD

2021-04-23 * "Wine-Tarner Cable" ""
  Assets:US:BofA:Checking                          -79.93 USD
  Expenses:Home:Internet                            79.93 USD

2021-05-04 * "BANK FEES" "Monthly bank fee"
  Assets:US:BofA:Checking                           -4.00 USD
  Expenses:Financial:Fees                            4.00 USD

2021-05-05 * "RiverBank Properties" "Paying the rent"
  Assets:US:BofA:Checking                        -2400.00 USD
  Expenses:Home:Rent                              2400.00 USD

2021-05-09 balance Assets:US:BofA:Checking        3848.32 USD

2021-05-09 * "EDISON POWER" ""
  Assets:US:BofA:Checking                          -65.00 USD
  Expenses:Home:Electricity                         65.00 USD

2021-05-18 * "Verizon Wireless" ""
  Assets:US:BofA:Checking                          -57.31 USD
  Expenses:Home:Phone                               57.31 USD

2021-05-22 * "Wine-Tarner Cable" ""
  Assets:US:BofA:Checking                          -79.93 USD
  Expenses:Home:Internet                            79.93 USD

2021-06-03 balance Assets:US:BofA:Checking        4528.56 USD

2021-06-04 * "BANK FEES" "Monthly bank fee"
  Assets:US:BofA:Checking                           -4.00 USD
  Expenses:Financial:Fees                            4.00 USD

2021-06-04 * "RiverBank Properties" "Paying the rent"
  Assets:US:BofA:Checking                        -2400.00 USD
  Expenses:Home:Rent                              2400.00 USD

2021-06-09 * "EDISON POWER" ""
  Assets:US:BofA:Checking                          -65.00 USD
  Expenses:Home:Electricity                         65.00 USD

2021-06-20 * "Verizon Wireless" ""
  Assets:US:BofA:Checking                          -72.61 USD
  Expenses:Home:Phone                               72.61 USD

2021-06-23 * "Wine-Tarner Cable" ""
  Assets:US:BofA:Checking                          -79.94 USD
  Expenses:Home:Internet                            79.94 USD

2021-06-29 balance Assets:US:BofA:Checking        3868.42 USD

2021-07-04 * "BANK FEES" "Monthly bank fee"
  Assets:US:BofA:Checking                           -4.00 USD
  Expenses:Financial:Fees                            4.00 USD

2021-07-06 * "RiverBank Properties" "Paying the rent"
  Assets:US:BofA:Checking                        -2400.00 USD
  Expenses:Home:Rent                              2400.00 USD

2021-07-08 * "EDISON POWER" ""
  Assets:US:BofA:Checking                          -65.00 USD
  Expenses:Home:Electricity                         65.00 USD

2021-07-19 * "Verizon Wireless" ""
  Assets:US:BofA:Checking                          -49.56 USD
  Expenses:Home:Phone                               49.56 USD

2021-07-22 * "Wine-Tarner Cable" ""
  Assets:US:BofA:Checking                          -80.12 USD
  Expenses:Home:Internet                            80.12 USD

2021-07-29 balance Assets:US:BofA:Checking        3556.15 USD

2021-08-04 * "BANK FEES" "Monthly bank fee"
  Assets:US:BofA:Checking                           -4.00 USD
  Expenses:Financial:Fees                            4.00 USD

2021-08-04 * "RiverBank Properties" "Paying the rent"
  Assets:US:BofA:Checking                        -2400.00 USD
  Expenses:Home:Rent                              2400.00 USD

2021-08-08 * "EDISON POWER" ""
  Assets:US:BofA:Checking                          -65.00 USD
  Expenses:Home:Electricity                         65.00 USD

2021-08-13 * "Transfering accumulated savings to other account"
  Assets:US:BofA:Checking                           -3000 USD
  Assets:US:ETrade:Cash                              3000 USD

2021-08-19 balance Assets:US:BofA:Checking         769.16 USD

2021-08-19 * "Verizon Wireless" ""
  Assets:US:BofA:Checking                          -61.23 USD
  Expenses:Home:Phone                               61.23 USD

2021-08-21 * "Wine-Tarner Cable" ""
  Assets:US:BofA:Checking                          -80.04 USD
  Expenses:Home:Internet                            80.04 USD

2021-09-04 * "BANK FEES" "Monthly bank fee"
  Assets:US:BofA:Checking                           -4.00 USD
  Expenses:Financial:Fees                            4.00 USD

2021-09-10 * "Transfering accumulated savings to other account"
  Assets:US:BofA:Checking                           -5500 USD
  Assets:US:ETrade:Cash                              5500 USD



* Credit-Cards

1980-05-12 open Liabilities:US:Chase:Slate                      USD

2019-01-02 * "Kin Soy" "Eating out alone"
  Liabilities:US:Chase:Slate                       -22.73 USD
  Expenses:Food:Restaurant                          22.73 USD

2019-01-05 * "Kin Soy" "Eating out after work"
  Liabilities:US:Chase:Slate                       -31.46 USD
  Expenses:Food:Restaurant                          31.46 USD

2019-01-06 * "Good Moods Market" "Buying groceries"
  Liabilities:US:Chase:Slate                       -92.81 USD
  Expenses:Food:Groceries                           92.81 USD

2019-01-08 * "Goba Goba" "Eating out with Bill"
  Liabilities:US:Chase:Slate                       -24.74 USD
  Expenses:Food:Restaurant                          24.74 USD

2019-01-11 * "Chase:Slate" "Paying off credit card"
  Liabilities:US:Chase:Slate                       195.63 USD
  Assets:US:BofA:Checking                         -195.63 USD

2019-01-12 * "Rose Flower" "Eating out with Julie"
  Liabilities:US:Chase:Slate                       -23.89 USD
  Expenses:Food:Restaurant                          23.89 USD

2019-01-12 * "Farmer Fresh" "Buying groceries"
  Liabilities:US:Chase:Slate                      -108.73 USD
  Expenses:Food:Groceries                          108.73 USD

2019-01-13 * "Cafe Modagor" "Eating out with Julie"
  Liabilities:US:Chase:Slate                       -27.48 USD
  Expenses:Food:Restaurant                          27.48 USD

2019-01-16 * "Chichipotle" "Eating out after work"
  Liabilities:US:Chase:Slate                       -19.55 USD
  Expenses:Food:Restaurant                          19.55 USD

2019-01-18 * "Rose Flower" "Eating out with Joe"
  Liabilities:US:Chase:Slate                       -36.71 USD
  Expenses:Food:Restaurant                          36.71 USD

2019-01-19 * "Jewel of Morroco" "Eating out with Natasha"
  Liabilities:US:Chase:Slate                       -14.03 USD
  Expenses:Food:Restaurant                          14.03 USD

2019-01-23 * "China Garden" "Eating out with work buddies"
  Liabilities:US:Chase:Slate                       -22.88 USD
  Expenses:Food:Restaurant                          22.88 USD

2019-01-24 balance Liabilities:US:Chase:Slate     -229.38 USD

2019-01-25 * "Jewel of Morroco" "Eating out with Natasha"
  Liabilities:US:Chase:Slate                       -43.70 USD
  Expenses:Food:Restaurant                          43.70 USD

2019-01-27 * "Corner Deli" "Buying groceries"
  Liabilities:US:Chase:Slate                       -87.93 USD
  Expenses:Food:Groceries                           87.93 USD

2019-01-29 * "China Garden" "Eating out after work"
  Liabilities:US:Chase:Slate                       -27.72 USD
  Expenses:Food:Restaurant                          27.72 USD

2019-01-29 * "Metro Transport Authority" "Tram tickets"
  Liabilities:US:Chase:Slate                      -120.00 USD
  Expenses:Transport:Tram                          120.00 USD

2019-02-01 * "Kin Soy" "Eating out alone"
  Liabilities:US:Chase:Slate                       -31.39 USD
  Expenses:Food:Restaurant                          31.39 USD

2019-02-02 * "Jewel of Morroco" "Eating out alone"
  Liabilities:US:Chase:Slate                       -13.88 USD
  Expenses:Food:Restaurant                          13.88 USD

2019-02-07 * "Uncle Boons" "Eating out with Joe"
  Liabilities:US:Chase:Slate                       -41.42 USD
  Expenses:Food:Restaurant                          41.42 USD

2019-02-08 * "Onion Market" "Buying groceries"
  Liabilities:US:Chase:Slate                       -61.65 USD
  Expenses:Food:Groceries                           61.65 USD

2019-02-09 * "China Garden" "Eating out alone"
  Liabilities:US:Chase:Slate                       -33.68 USD
  Expenses:Food:Restaurant                          33.68 USD

2019-02-09 * "Chase:Slate" "Paying off credit card"
  Liabilities:US:Chase:Slate                       690.75 USD
  Assets:US:BofA:Checking                         -690.75 USD

2019-02-13 * "Good Moods Market" "Buying groceries"
  Liabilities:US:Chase:Slate                       -79.93 USD
  Expenses:Food:Groceries                           79.93 USD

2019-02-14 * "China Garden" "Eating out with Natasha"
  Liabilities:US:Chase:Slate                       -34.00 USD
  Expenses:Food:Restaurant                          34.00 USD

2019-02-15 * "Goba Goba" "Eating out with Joe"
  Liabilities:US:Chase:Slate                       -26.77 USD
  Expenses:Food:Restaurant                          26.77 USD

2019-02-18 * "Goba Goba" "Eating out with Natasha"
  Liabilities:US:Chase:Slate                       -19.65 USD
  Expenses:Food:Restaurant                          19.65 USD

2019-02-18 * "Good Moods Market" "Buying groceries"
  Liabilities:US:Chase:Slate                       -78.17 USD
  Expenses:Food:Groceries                           78.17 USD

2019-02-20 balance Liabilities:US:Chase:Slate     -238.52 USD

2019-02-20 * "China Garden" "Eating out alone"
  Liabilities:US:Chase:Slate                       -42.62 USD
  Expenses:Food:Restaurant                          42.62 USD

2019-02-23 * "Cafe Modagor" "Eating out "
  Liabilities:US:Chase:Slate                       -32.13 USD
  Expenses:Food:Restaurant                          32.13 USD

2019-02-27 * "Uncle Boons" "Eating out "
  Liabilities:US:Chase:Slate                       -26.97 USD
  Expenses:Food:Restaurant                          26.97 USD

2019-02-28 * "Metro Transport Authority" "Tram tickets"
  Liabilities:US:Chase:Slate                      -120.00 USD
  Expenses:Transport:Tram                          120.00 USD

2019-03-02 * "Onion Market" "Buying groceries"
  Liabilities:US:Chase:Slate                       -88.75 USD
  Expenses:Food:Groceries                           88.75 USD

2019-03-03 * "Rose Flower" "Eating out "
  Liabilities:US:Chase:Slate                       -34.20 USD
  Expenses:Food:Restaurant                          34.20 USD

2019-03-07 * "Corner Deli" "Buying groceries"
  Liabilities:US:Chase:Slate                       -96.89 USD
  Expenses:Food:Groceries                           96.89 USD

2019-03-08 * "Kin Soy" "Eating out with Joe"
  Liabilities:US:Chase:Slate                       -26.41 USD
  Expenses:Food:Restaurant                          26.41 USD

2019-03-10 * "Jewel of Morroco" "Eating out with Natasha"
  Liabilities:US:Chase:Slate                       -23.50 USD
  Expenses:Food:Restaurant                          23.50 USD

2019-03-11 * "Chase:Slate" "Paying off credit card"
  Liabilities:US:Chase:Slate                       744.86 USD
  Assets:US:BofA:Checking                         -744.86 USD

2019-03-14 balance Liabilities:US:Chase:Slate       14.87 USD

2019-03-14 * "Rose Flower" "Eating out "
  Liabilities:US:Chase:Slate                       -14.87 USD
  Expenses:Food:Restaurant                          14.87 USD

2019-03-15 * "Jewel of Morroco" "Eating out with Julie"
  Liabilities:US:Chase:Slate                       -43.13 USD
  Expenses:Food:Restaurant                          43.13 USD

2019-03-18 * "Good Moods Market" "Buying groceries"
  Liabilities:US:Chase:Slate                       -75.56 USD
  Expenses:Food:Groceries                           75.56 USD

2019-03-20 * "Kin Soy" "Eating out with Joe"
  Liabilities:US:Chase:Slate                       -10.86 USD
  Expenses:Food:Restaurant                          10.86 USD

2019-03-25 * "Goba Goba" "Eating out with work buddies"
  Liabilities:US:Chase:Slate                       -36.32 USD
  Expenses:Food:Restaurant                          36.32 USD

2019-03-27 * "Jewel of Morroco" "Eating out with work buddies"
  Liabilities:US:Chase:Slate                       -20.94 USD
  Expenses:Food:Restaurant                          20.94 USD

2019-03-29 * "Kin Soy" "Eating out alone"
  Liabilities:US:Chase:Slate                       -45.69 USD
  Expenses:Food:Restaurant                          45.69 USD

2019-03-31 * "Metro Transport Authority" "Tram tickets"
  Liabilities:US:Chase:Slate                      -120.00 USD
  Expenses:Transport:Tram                          120.00 USD

2019-04-03 * "Jewel of Morroco" "Eating out with Natasha"
  Liabilities:US:Chase:Slate                       -27.76 USD
  Expenses:Food:Restaurant                          27.76 USD

2019-04-03 * "Good Moods Market" "Buying groceries"
  Liabilities:US:Chase:Slate                       -69.82 USD
  Expenses:Food:Groceries                           69.82 USD

2019-04-06 * "Kin Soy" "Eating out with Bill"
  Liabilities:US:Chase:Slate                       -64.03 USD
  Expenses:Food:Restaurant                          64.03 USD

2019-04-07 balance Liabilities:US:Chase:Slate     -514.11 USD

2019-04-08 * "Cafe Modagor" "Eating out after work"
  Liabilities:US:Chase:Slate                       -36.73 USD
  Expenses:Food:Restaurant                          36.73 USD

2019-04-10 * "Chase:Slate" "Paying off credit card"
  Liabilities:US:Chase:Slate                       593.46 USD
  Assets:US:BofA:Checking                         -593.46 USD

2019-04-11 * "Uncle Boons" "Eating out with Julie"
  Liabilities:US:Chase:Slate                       -42.62 USD
  Expenses:Food:Restaurant                          42.62 USD

2019-04-16 * "Rose Flower" "Eating out alone"
  Liabilities:US:Chase:Slate                       -18.23 USD
  Expenses:Food:Restaurant                          18.23 USD

2019-04-17 * "Onion Market" "Buying groceries"
  Liabilities:US:Chase:Slate                       -79.58 USD
  Expenses:Food:Groceries                           79.58 USD

2019-04-19 * "Goba Goba" "Eating out after work"
  Liabilities:US:Chase:Slate                       -29.32 USD
  Expenses:Food:Restaurant                          29.32 USD

2019-04-20 * "Cafe Modagor" "Eating out alone"
  Liabilities:US:Chase:Slate                       -22.61 USD
  Expenses:Food:Restaurant                          22.61 USD

2019-04-23 * "China Garden" "Eating out after work"
  Liabilities:US:Chase:Slate                       -27.67 USD
  Expenses:Food:Restaurant                          27.67 USD

2019-04-24 * "Corner Deli" "Buying groceries"
  Liabilities:US:Chase:Slate                       -44.95 USD
  Expenses:Food:Groceries                           44.95 USD

2019-04-28 balance Liabilities:US:Chase:Slate     -222.36 USD

2019-04-28 * "Chichipotle" "Eating out "
  Liabilities:US:Chase:Slate                       -26.63 USD
  Expenses:Food:Restaurant                          26.63 USD

2019-04-28 * "Metro Transport Authority" "Tram tickets"
  Liabilities:US:Chase:Slate                      -120.00 USD
  Expenses:Transport:Tram                          120.00 USD

2019-05-01 * "Kin Soy" "Eating out with Natasha"
  Liabilities:US:Chase:Slate                       -27.90 USD
  Expenses:Food:Restaurant                          27.90 USD

2019-05-03 * "Uncle Boons" "Eating out "
  Liabilities:US:Chase:Slate                       -57.44 USD
  Expenses:Food:Restaurant                          57.44 USD

2019-05-05 * "Uncle Boons" "Eating out with Joe"
  Liabilities:US:Chase:Slate                       -40.37 USD
  Expenses:Food:Restaurant                          40.37 USD

2019-05-09 * "Chichipotle" "Eating out "
  Liabilities:US:Chase:Slate                       -58.43 USD
  Expenses:Food:Restaurant                          58.43 USD

2019-05-10 * "Onion Market" "Buying groceries"
  Liabilities:US:Chase:Slate                       -97.60 USD
  Expenses:Food:Groceries                           97.60 USD

2019-05-11 * "Goba Goba" "Eating out with Bill"
  Liabilities:US:Chase:Slate                       -29.71 USD
  Expenses:Food:Restaurant                          29.71 USD

2019-05-11 * "Chase:Slate" "Paying off credit card"
  Liabilities:US:Chase:Slate                       680.44 USD
  Assets:US:BofA:Checking                         -680.44 USD

2019-05-12 * "Chichipotle" "Eating out after work"
  Liabilities:US:Chase:Slate                       -25.62 USD
  Expenses:Food:Restaurant                          25.62 USD

2019-05-14 * "China Garden" "Eating out alone"
  Liabilities:US:Chase:Slate                       -11.97 USD
  Expenses:Food:Restaurant                          11.97 USD

2019-05-16 * "Goba Goba" "Eating out with Joe"
  Liabilities:US:Chase:Slate                       -39.41 USD
  Expenses:Food:Restaurant                          39.41 USD

2019-05-20 * "Kin Soy" "Eating out with Bill"
  Liabilities:US:Chase:Slate                       -27.68 USD
  Expenses:Food:Restaurant                          27.68 USD

2019-05-21 * "Kin Soy" "Eating out with Joe"
  Liabilities:US:Chase:Slate                       -36.26 USD
  Expenses:Food:Restaurant                          36.26 USD

2019-05-21 * "Farmer Fresh" "Buying groceries"
  Liabilities:US:Chase:Slate                       -97.17 USD
  Expenses:Food:Groceries                           97.17 USD

2019-05-22 balance Liabilities:US:Chase:Slate     -238.11 USD

2019-05-24 * "Uncle Boons" "Eating out with Natasha"
  Liabilities:US:Chase:Slate                       -35.96 USD
  Expenses:Food:Restaurant                          35.96 USD

2019-05-28 * "Chichipotle" "Eating out after work"
  Liabilities:US:Chase:Slate                       -36.16 USD
  Expenses:Food:Restaurant                          36.16 USD

2019-05-28 * "Onion Market" "Buying groceries"
  Liabilities:US:Chase:Slate                       -63.90 USD
  Expenses:Food:Groceries                           63.90 USD

2019-05-30 * "Metro Transport Authority" "Tram tickets"
  Liabilities:US:Chase:Slate                      -120.00 USD
  Expenses:Transport:Tram                          120.00 USD

2019-05-31 * "Kin Soy" "Eating out alone"
  Liabilities:US:Chase:Slate                       -32.93 USD
  Expenses:Food:Restaurant                          32.93 USD

2019-06-02 * "Onion Market" "Buying groceries"
  Liabilities:US:Chase:Slate                       -75.67 USD
  Expenses:Food:Groceries                           75.67 USD

2019-06-04 * "Jewel of Morroco" "Eating out with Joe"
  Liabilities:US:Chase:Slate                       -28.71 USD
  Expenses:Food:Restaurant                          28.71 USD

2019-06-06 * "Jewel of Morroco" "Eating out with work buddies"
  Liabilities:US:Chase:Slate                       -51.85 USD
  Expenses:Food:Restaurant                          51.85 USD

2019-06-08 * "Jewel of Morroco" "Eating out alone"
  Liabilities:US:Chase:Slate                       -42.97 USD
  Expenses:Food:Restaurant                          42.97 USD

2019-06-09 * "Chichipotle" "Eating out with Joe"
  Liabilities:US:Chase:Slate                       -25.03 USD
  Expenses:Food:Restaurant                          25.03 USD

2019-06-10 * "Chase:Slate" "Paying off credit card"
  Liabilities:US:Chase:Slate                       790.13 USD
  Assets:US:BofA:Checking                         -790.13 USD

2019-06-13 * "Jewel of Morroco" "Eating out with Bill"
  Liabilities:US:Chase:Slate                       -38.84 USD
  Expenses:Food:Restaurant                          38.84 USD

2019-06-15 * "Farmer Fresh" "Buying groceries"
  Liabilities:US:Chase:Slate                      -128.44 USD
  Expenses:Food:Groceries                          128.44 USD

2019-06-17 * "Jewel of Morroco" "Eating out "
  Liabilities:US:Chase:Slate                       -39.61 USD
  Expenses:Food:Restaurant                          39.61 USD

2019-06-19 balance Liabilities:US:Chase:Slate     -168.05 USD

2019-06-19 * "Cafe Modagor" "Eating out after work"
  Liabilities:US:Chase:Slate                       -38.38 USD
  Expenses:Food:Restaurant                          38.38 USD

2019-06-23 * "Onion Market" "Buying groceries"
  Liabilities:US:Chase:Slate                       -75.30 USD
  Expenses:Food:Groceries                           75.30 USD

2019-06-24 * "Jewel of Morroco" "Eating out with work buddies"
  Liabilities:US:Chase:Slate                       -19.42 USD
  Expenses:Food:Restaurant                          19.42 USD

2019-06-29 * "Rose Flower" "Eating out after work"
  Liabilities:US:Chase:Slate                       -20.75 USD
  Expenses:Food:Restaurant                          20.75 USD

2019-06-30 * "Metro Transport Authority" "Tram tickets"
  Liabilities:US:Chase:Slate                      -120.00 USD
  Expenses:Transport:Tram                          120.00 USD

2019-07-01 * "China Garden" "Eating out with Bill"
  Liabilities:US:Chase:Slate                       -24.86 USD
  Expenses:Food:Restaurant                          24.86 USD

2019-07-05 * "Corner Deli" "Buying groceries"
  Liabilities:US:Chase:Slate                       -73.28 USD
  Expenses:Food:Groceries                           73.28 USD

2019-07-06 * "China Garden" "Eating out after work"
  Liabilities:US:Chase:Slate                       -18.86 USD
  Expenses:Food:Restaurant                          18.86 USD

2019-07-07 * "Chase:Slate" "Paying off credit card"
  Liabilities:US:Chase:Slate                       584.61 USD
  Assets:US:BofA:Checking                         -584.61 USD

2019-07-10 * "China Garden" "Eating out with Joe"
  Liabilities:US:Chase:Slate                       -25.71 USD
  Expenses:Food:Restaurant                          25.71 USD

2019-07-11 * "Jewel of Morroco" "Eating out with Bill"
  Liabilities:US:Chase:Slate                       -24.76 USD
  Expenses:Food:Restaurant                          24.76 USD

2019-07-13 * "Jewel of Morroco" "Eating out with Bill"
  Liabilities:US:Chase:Slate                       -16.92 USD
  Expenses:Food:Restaurant                          16.92 USD

2019-07-16 balance Liabilities:US:Chase:Slate      -41.68 USD

2019-07-16 * "Rose Flower" "Eating out with Julie"
  Liabilities:US:Chase:Slate                       -22.84 USD
  Expenses:Food:Restaurant                          22.84 USD

2019-07-17 * "Rose Flower" "Eating out alone"
  Liabilities:US:Chase:Slate                       -38.50 USD
  Expenses:Food:Restaurant                          38.50 USD

2019-07-18 * "Corner Deli" "Buying groceries"
  Liabilities:US:Chase:Slate                      -109.41 USD
  Expenses:Food:Groceries                          109.41 USD

2019-07-19 * "Cafe Modagor" "Eating out alone"
  Liabilities:US:Chase:Slate                       -17.17 USD
  Expenses:Food:Restaurant                          17.17 USD

2019-07-22 * "Kin Soy" "Eating out with Joe"
  Liabilities:US:Chase:Slate                       -60.38 USD
  Expenses:Food:Restaurant                          60.38 USD

2019-07-24 * "Uncle Boons" "Eating out alone"
  Liabilities:US:Chase:Slate                       -42.29 USD
  Expenses:Food:Restaurant                          42.29 USD

2019-07-27 * "China Garden" "Eating out with Julie"
  Liabilities:US:Chase:Slate                       -28.27 USD
  Expenses:Food:Restaurant                          28.27 USD

2019-07-28 * "China Garden" "Eating out with Julie"
  Liabilities:US:Chase:Slate                       -17.46 USD
  Expenses:Food:Restaurant                          17.46 USD

2019-08-01 * "China Garden" "Eating out with Natasha"
  Liabilities:US:Chase:Slate                       -21.84 USD
  Expenses:Food:Restaurant                          21.84 USD

2019-08-02 * "Metro Transport Authority" "Tram tickets"
  Liabilities:US:Chase:Slate                      -120.00 USD
  Expenses:Transport:Tram                          120.00 USD

2019-08-05 * "Rose Flower" "Eating out with Julie"
  Liabilities:US:Chase:Slate                       -34.68 USD
  Expenses:Food:Restaurant                          34.68 USD

2019-08-06 * "Good Moods Market" "Buying groceries"
  Liabilities:US:Chase:Slate                       -83.29 USD
  Expenses:Food:Groceries                           83.29 USD

2019-08-07 * "Goba Goba" "Eating out with work buddies"
  Liabilities:US:Chase:Slate                       -27.50 USD
  Expenses:Food:Restaurant                          27.50 USD

2019-08-07 * "Chase:Slate" "Paying off credit card"
  Liabilities:US:Chase:Slate                       665.31 USD
  Assets:US:BofA:Checking                         -665.31 USD

2019-08-09 * "Rose Flower" "Eating out alone"
  Liabilities:US:Chase:Slate                       -20.80 USD
  Expenses:Food:Restaurant                          20.80 USD

2019-08-13 * "Rose Flower" "Eating out with Natasha"
  Liabilities:US:Chase:Slate                       -24.54 USD
  Expenses:Food:Restaurant                          24.54 USD

2019-08-14 balance Liabilities:US:Chase:Slate      -45.34 USD

2019-08-16 * "Uncle Boons" "Eating out alone"
  Liabilities:US:Chase:Slate                       -33.89 USD
  Expenses:Food:Restaurant                          33.89 USD

2019-08-17 * "Uncle Boons" "Eating out with Bill"
  Liabilities:US:Chase:Slate                       -17.58 USD
  Expenses:Food:Restaurant                          17.58 USD

2019-08-18 * "China Garden" "Eating out with Joe"
  Liabilities:US:Chase:Slate                       -27.56 USD
  Expenses:Food:Restaurant                          27.56 USD

2019-08-19 * "Kin Soy" "Eating out with Natasha"
  Liabilities:US:Chase:Slate                       -20.53 USD
  Expenses:Food:Restaurant                          20.53 USD

2019-08-22 * "Onion Market" "Buying groceries"
  Liabilities:US:Chase:Slate                       -39.97 USD
  Expenses:Food:Groceries                           39.97 USD

2019-08-24 * "China Garden" "Eating out with Julie"
  Liabilities:US:Chase:Slate                       -38.02 USD
  Expenses:Food:Restaurant                          38.02 USD

2019-08-27 * "China Garden" "Eating out "
  Liabilities:US:Chase:Slate                       -53.30 USD
  Expenses:Food:Restaurant                          53.30 USD

2019-08-31 * "Kin Soy" "Eating out with Joe"
  Liabilities:US:Chase:Slate                       -29.42 USD
  Expenses:Food:Restaurant                          29.42 USD

2019-09-01 * "Onion Market" "Buying groceries"
  Liabilities:US:Chase:Slate                       -87.01 USD
  Expenses:Food:Groceries                           87.01 USD

2019-09-03 * "Goba Goba" "Eating out with Joe"
  Liabilities:US:Chase:Slate                       -33.34 USD
  Expenses:Food:Restaurant                          33.34 USD

2019-09-03 * "Metro Transport Authority" "Tram tickets"
  Liabilities:US:Chase:Slate                      -120.00 USD
  Expenses:Transport:Tram                          120.00 USD

2019-09-05 balance Liabilities:US:Chase:Slate     -545.96 USD

2019-09-07 * "Uncle Boons" "Eating out alone"
  Liabilities:US:Chase:Slate                       -77.49 USD
  Expenses:Food:Restaurant                          77.49 USD

2019-09-11 * "Kin Soy" "Eating out with work buddies"
  Liabilities:US:Chase:Slate                       -41.00 USD
  Expenses:Food:Restaurant                          41.00 USD

2019-09-11 * "Good Moods Market" "Buying groceries"
  Liabilities:US:Chase:Slate                       -92.10 USD
  Expenses:Food:Groceries                           92.10 USD

2019-09-11 * "Chase:Slate" "Paying off credit card"
  Liabilities:US:Chase:Slate                       664.45 USD
  Assets:US:BofA:Checking                         -664.45 USD

2019-09-12 * "Kin Soy" "Eating out with Julie"
  Liabilities:US:Chase:Slate                       -23.28 USD
  Expenses:Food:Restaurant                          23.28 USD

2019-09-15 * "Jewel of Morroco" "Eating out "
  Liabilities:US:Chase:Slate                       -25.28 USD
  Expenses:Food:Restaurant                          25.28 USD

2019-09-16 * "Onion Market" "Buying groceries"
  Liabilities:US:Chase:Slate                       -67.45 USD
  Expenses:Food:Groceries                           67.45 USD

2019-09-17 * "China Garden" "Eating out with Joe"
  Liabilities:US:Chase:Slate                       -35.04 USD
  Expenses:Food:Restaurant                          35.04 USD

2019-09-19 * "Jewel of Morroco" "Eating out with work buddies"
  Liabilities:US:Chase:Slate                       -23.29 USD
  Expenses:Food:Restaurant                          23.29 USD

2019-09-24 * "Chichipotle" "Eating out after work"
  Liabilities:US:Chase:Slate                       -28.00 USD
  Expenses:Food:Restaurant                          28.00 USD

2019-09-26 balance Liabilities:US:Chase:Slate     -294.44 USD

2019-09-27 * "Chichipotle" "Eating out after work"
  Liabilities:US:Chase:Slate                       -58.21 USD
  Expenses:Food:Restaurant                          58.21 USD

2019-10-01 * "Metro Transport Authority" "Tram tickets"
  Liabilities:US:Chase:Slate                      -120.00 USD
  Expenses:Transport:Tram                          120.00 USD

2019-10-02 * "Chichipotle" "Eating out with Joe"
  Liabilities:US:Chase:Slate                       -21.22 USD
  Expenses:Food:Restaurant                          21.22 USD

2019-10-03 * "Farmer Fresh" "Buying groceries"
  Liabilities:US:Chase:Slate                       -72.30 USD
  Expenses:Food:Groceries                           72.30 USD

2019-10-05 * "Goba Goba" "Eating out with work buddies"
  Liabilities:US:Chase:Slate                       -22.54 USD
  Expenses:Food:Restaurant                          22.54 USD

2019-10-10 * "Jewel of Morroco" "Eating out alone"
  Liabilities:US:Chase:Slate                       -52.41 USD
  Expenses:Food:Restaurant                          52.41 USD

2019-10-10 * "Chase:Slate" "Paying off credit card"
  Liabilities:US:Chase:Slate                       641.12 USD
  Assets:US:BofA:Checking                         -641.12 USD

2019-10-14 * "Jewel of Morroco" "Eating out with Bill"
  Liabilities:US:Chase:Slate                       -37.91 USD
  Expenses:Food:Restaurant                          37.91 USD

2019-10-15 * "Goba Goba" "Eating out "
  Liabilities:US:Chase:Slate                       -21.76 USD
  Expenses:Food:Restaurant                          21.76 USD

2019-10-16 * "Onion Market" "Buying groceries"
  Liabilities:US:Chase:Slate                       -53.87 USD
  Expenses:Food:Groceries                           53.87 USD

2019-10-18 balance Liabilities:US:Chase:Slate     -113.54 USD

2019-10-18 * "China Garden" "Eating out with Joe"
  Liabilities:US:Chase:Slate                       -26.51 USD
  Expenses:Food:Restaurant                          26.51 USD

2019-10-23 * "Uncle Boons" "Eating out "
  Liabilities:US:Chase:Slate                       -10.41 USD
  Expenses:Food:Restaurant                          10.41 USD

2019-10-25 * "Chichipotle" "Eating out alone"
  Liabilities:US:Chase:Slate                       -41.90 USD
  Expenses:Food:Restaurant                          41.90 USD

2019-10-26 * "Chichipotle" "Eating out with Joe"
  Liabilities:US:Chase:Slate                       -19.96 USD
  Expenses:Food:Restaurant                          19.96 USD

2019-10-29 * "Chichipotle" "Eating out "
  Liabilities:US:Chase:Slate                       -22.55 USD
  Expenses:Food:Restaurant                          22.55 USD

2019-10-29 * "Good Moods Market" "Buying groceries"
  Liabilities:US:Chase:Slate                       -84.41 USD
  Expenses:Food:Groceries                           84.41 USD

2019-10-30 * "Rose Flower" "Eating out with work buddies"
  Liabilities:US:Chase:Slate                       -29.87 USD
  Expenses:Food:Restaurant                          29.87 USD

2019-11-01 * "Uncle Boons" "Eating out with Natasha"
  Liabilities:US:Chase:Slate                       -35.86 USD
  Expenses:Food:Restaurant                          35.86 USD

2019-11-01 * "Metro Transport Authority" "Tram tickets"
  Liabilities:US:Chase:Slate                      -120.00 USD
  Expenses:Transport:Tram                          120.00 USD

2019-11-04 * "Jewel of Morroco" "Eating out with Natasha"
  Liabilities:US:Chase:Slate                       -43.68 USD
  Expenses:Food:Restaurant                          43.68 USD

2019-11-09 * "Uncle Boons" "Eating out with Natasha"
  Liabilities:US:Chase:Slate                       -20.83 USD
  Expenses:Food:Restaurant                          20.83 USD

2019-11-10 * "Chase:Slate" "Paying off credit card"
  Liabilities:US:Chase:Slate                       600.08 USD
  Assets:US:BofA:Checking                         -600.08 USD

2019-11-11 balance Liabilities:US:Chase:Slate       30.56 USD

2019-11-14 * "Rose Flower" "Eating out with Joe"
  Liabilities:US:Chase:Slate                       -30.56 USD
  Expenses:Food:Restaurant                          30.56 USD

2019-11-14 * "Onion Market" "Buying groceries"
  Liabilities:US:Chase:Slate                       -81.04 USD
  Expenses:Food:Groceries                           81.04 USD

2019-11-17 * "Rose Flower" "Eating out with Natasha"
  Liabilities:US:Chase:Slate                       -44.73 USD
  Expenses:Food:Restaurant                          44.73 USD

2019-11-18 * "Goba Goba" "Eating out alone"
  Liabilities:US:Chase:Slate                       -29.98 USD
  Expenses:Food:Restaurant                          29.98 USD

2019-11-23 * "Chichipotle" "Eating out with work buddies"
  Liabilities:US:Chase:Slate                       -19.04 USD
  Expenses:Food:Restaurant                          19.04 USD

2019-11-24 * "Goba Goba" "Eating out with Bill"
  Liabilities:US:Chase:Slate                       -27.27 USD
  Expenses:Food:Restaurant                          27.27 USD

2019-11-26 * "Onion Market" "Buying groceries"
  Liabilities:US:Chase:Slate                       -80.89 USD
  Expenses:Food:Groceries                           80.89 USD

2019-11-28 * "Cafe Modagor" "Eating out with Natasha"
  Liabilities:US:Chase:Slate                       -30.35 USD
  Expenses:Food:Restaurant                          30.35 USD

2019-11-30 * "Goba Goba" "Eating out with Natasha"
  Liabilities:US:Chase:Slate                       -20.75 USD
  Expenses:Food:Restaurant                          20.75 USD

2019-12-02 * "China Garden" "Eating out with Natasha"
  Liabilities:US:Chase:Slate                       -31.94 USD
  Expenses:Food:Restaurant                          31.94 USD

2019-12-03 * "Metro Transport Authority" "Tram tickets"
  Liabilities:US:Chase:Slate                      -120.00 USD
  Expenses:Transport:Tram                          120.00 USD

2019-12-05 balance Liabilities:US:Chase:Slate     -485.99 USD

2019-12-07 * "Jewel of Morroco" "Eating out with Julie"
  Liabilities:US:Chase:Slate                       -23.07 USD
  Expenses:Food:Restaurant                          23.07 USD

2019-12-08 * "Chichipotle" "Eating out after work"
  Liabilities:US:Chase:Slate                       -42.96 USD
  Expenses:Food:Restaurant                          42.96 USD

2019-12-09 * "Corner Deli" "Buying groceries"
  Liabilities:US:Chase:Slate                       -72.54 USD
  Expenses:Food:Groceries                           72.54 USD

2019-12-09 * "Chase:Slate" "Paying off credit card"
  Liabilities:US:Chase:Slate                       624.56 USD
  Assets:US:BofA:Checking                         -624.56 USD

2019-12-10 * "China Garden" "Eating out with Julie"
  Liabilities:US:Chase:Slate                       -38.40 USD
  Expenses:Food:Restaurant                          38.40 USD

2019-12-12 * "Chichipotle" "Eating out with Natasha"
  Liabilities:US:Chase:Slate                       -37.47 USD
  Expenses:Food:Restaurant                          37.47 USD

2019-12-16 * "Farmer Fresh" "Buying groceries"
  Liabilities:US:Chase:Slate                       -99.21 USD
  Expenses:Food:Groceries                           99.21 USD

2019-12-17 * "Jewel of Morroco" "Eating out "
  Liabilities:US:Chase:Slate                       -50.96 USD
  Expenses:Food:Restaurant                          50.96 USD

2019-12-22 * "Jewel of Morroco" "Eating out "
  Liabilities:US:Chase:Slate                       -12.00 USD
  Expenses:Food:Restaurant                          12.00 USD

2019-12-22 * "Good Moods Market" "Buying groceries"
  Liabilities:US:Chase:Slate                       -56.22 USD
  Expenses:Food:Groceries                           56.22 USD

2019-12-23 * "Uncle Boons" "Eating out after work"
  Liabilities:US:Chase:Slate                       -13.57 USD
  Expenses:Food:Restaurant                          13.57 USD

2019-12-26 balance Liabilities:US:Chase:Slate     -307.83 USD

2019-12-26 * "Chichipotle" "Eating out alone"
  Liabilities:US:Chase:Slate                       -32.41 USD
  Expenses:Food:Restaurant                          32.41 USD

2019-12-30 * "Kin Soy" "Eating out with Joe"
  Liabilities:US:Chase:Slate                       -49.61 USD
  Expenses:Food:Restaurant                          49.61 USD

2019-12-30 * "Metro Transport Authority" "Tram tickets"
  Liabilities:US:Chase:Slate                      -120.00 USD
  Expenses:Transport:Tram                          120.00 USD

2019-12-31 * "Cafe Modagor" "Eating out "
  Liabilities:US:Chase:Slate                       -37.08 USD
  Expenses:Food:Restaurant                          37.08 USD

2020-01-04 * "Chichipotle" "Eating out with Joe"
  Liabilities:US:Chase:Slate                       -34.17 USD
  Expenses:Food:Restaurant                          34.17 USD

2020-01-08 * "Onion Market" "Buying groceries"
  Liabilities:US:Chase:Slate                       -71.32 USD
  Expenses:Food:Groceries                           71.32 USD

2020-01-09 * "China Garden" "Eating out with Bill"
  Liabilities:US:Chase:Slate                        -9.10 USD
  Expenses:Food:Restaurant                           9.10 USD

2020-01-10 * "Cafe Modagor" "Eating out with Julie"
  Liabilities:US:Chase:Slate                       -19.54 USD
  Expenses:Food:Restaurant                          19.54 USD

2020-01-10 * "Chase:Slate" "Paying off credit card"
  Liabilities:US:Chase:Slate                       681.06 USD
  Assets:US:BofA:Checking                         -681.06 USD

2020-01-12 * "Rose Flower" "Eating out with work buddies"
  Liabilities:US:Chase:Slate                       -32.11 USD
  Expenses:Food:Restaurant                          32.11 USD

2020-01-13 * "Rose Flower" "Eating out with work buddies"
  Liabilities:US:Chase:Slate                       -45.16 USD
  Expenses:Food:Restaurant                          45.16 USD

2020-01-15 balance Liabilities:US:Chase:Slate      -77.27 USD

2020-01-18 * "Chichipotle" "Eating out with Joe"
  Liabilities:US:Chase:Slate                       -22.16 USD
  Expenses:Food:Restaurant                          22.16 USD

2020-01-20 * "Cafe Modagor" "Eating out with Joe"
  Liabilities:US:Chase:Slate                       -27.54 USD
  Expenses:Food:Restaurant                          27.54 USD

2020-01-21 * "Corner Deli" "Buying groceries"
  Liabilities:US:Chase:Slate                       -76.79 USD
  Expenses:Food:Groceries                           76.79 USD

2020-01-22 * "Rose Flower" "Eating out with work buddies"
  Liabilities:US:Chase:Slate                       -24.23 USD
  Expenses:Food:Restaurant                          24.23 USD

2020-01-27 * "Uncle Boons" "Eating out with Bill"
  Liabilities:US:Chase:Slate                       -28.17 USD
  Expenses:Food:Restaurant                          28.17 USD

2020-01-29 * "Uncle Boons" "Eating out with Natasha"
  Liabilities:US:Chase:Slate                       -28.40 USD
  Expenses:Food:Restaurant                          28.40 USD

2020-01-30 * "Jewel of Morroco" "Eating out with Joe"
  Liabilities:US:Chase:Slate                       -23.31 USD
  Expenses:Food:Restaurant                          23.31 USD

2020-01-30 * "Metro Transport Authority" "Tram tickets"
  Liabilities:US:Chase:Slate                      -120.00 USD
  Expenses:Transport:Tram                          120.00 USD

2020-02-01 * "Jewel of Morroco" "Eating out after work"
  Liabilities:US:Chase:Slate                       -51.95 USD
  Expenses:Food:Restaurant                          51.95 USD

2020-02-05 * "Cafe Modagor" "Eating out with Natasha"
  Liabilities:US:Chase:Slate                       -25.80 USD
  Expenses:Food:Restaurant                          25.80 USD

2020-02-06 * "Chichipotle" "Eating out "
  Liabilities:US:Chase:Slate                       -67.38 USD
  Expenses:Food:Restaurant                          67.38 USD

2020-02-07 * "Good Moods Market" "Buying groceries"
  Liabilities:US:Chase:Slate                       -66.30 USD
  Expenses:Food:Groceries                           66.30 USD

2020-02-08 * "Kin Soy" "Eating out with Julie"
  Liabilities:US:Chase:Slate                       -21.68 USD
  Expenses:Food:Restaurant                          21.68 USD

2020-02-09 event "location" "Boston"

2020-02-10 * "Giacomo's Restaurant" "" #trip-boston-2020
  Liabilities:US:Chase:Slate                       -44.51 USD
  Expenses:Food:Restaurant                          44.51 USD

2020-02-10 * "Franklin Cafe" "" #trip-boston-2020
  Liabilities:US:Chase:Slate                       -30.97 USD
  Expenses:Food:Restaurant                          30.97 USD

2020-02-11 * "Chase:Slate" "Paying off credit card"
  Liabilities:US:Chase:Slate                       730.17 USD
  Assets:US:BofA:Checking                         -730.17 USD

2020-02-12 balance Liabilities:US:Chase:Slate       -6.29 USD

2020-02-13 * "Giacomo's Restaurant" "" #trip-boston-2020
  Liabilities:US:Chase:Slate                       -40.28 USD
  Expenses:Food:Restaurant                          40.28 USD

2020-02-13 * "Starbucks" "" #trip-boston-2020
  Liabilities:US:Chase:Slate                        -4.83 USD
  Expenses:Food:Coffee                               4.83 USD

2020-02-14 * "Giacomo's Restaurant" "" #trip-boston-2020
  Liabilities:US:Chase:Slate                       -47.69 USD
  Expenses:Food:Restaurant                          47.69 USD

2020-02-14 * "Legal Seafood" "" #trip-boston-2020
  Liabilities:US:Chase:Slate                       -40.49 USD
  Expenses:Food:Restaurant                          40.49 USD

2020-02-14 * "Franklin Cafe" "" #trip-boston-2020
  Liabilities:US:Chase:Slate                       -23.70 USD
  Expenses:Food:Restaurant                          23.70 USD

2020-02-16 * "Starbucks" "" #trip-boston-2020
  Liabilities:US:Chase:Slate                        -6.12 USD
  Expenses:Food:Coffee                               6.12 USD

2020-02-18 * "Franklin Cafe" "" #trip-boston-2020
  Liabilities:US:Chase:Slate                       -28.12 USD
  Expenses:Food:Restaurant                          28.12 USD

2020-02-19 * "Legal Seafood" "" #trip-boston-2020
  Liabilities:US:Chase:Slate                       -28.55 USD
  Expenses:Food:Restaurant                          28.55 USD

2020-02-20 * "Giacomo's Restaurant" "" #trip-boston-2020
  Liabilities:US:Chase:Slate                       -41.89 USD
  Expenses:Food:Restaurant                          41.89 USD

2020-02-21 * "Giacomo's Restaurant" "" #trip-boston-2020
  Liabilities:US:Chase:Slate                       -38.28 USD
  Expenses:Food:Restaurant                          38.28 USD

2020-02-21 * "Franklin Cafe" "" #trip-boston-2020
  Liabilities:US:Chase:Slate                       -27.40 USD
  Expenses:Food:Restaurant                          27.40 USD

2020-02-22 * "Giacomo's Restaurant" "" #trip-boston-2020
  Liabilities:US:Chase:Slate                       -41.03 USD
  Expenses:Food:Restaurant                          41.03 USD

2020-02-22 * "Starbucks" "" #trip-boston-2020
  Liabilities:US:Chase:Slate                        -7.08 USD
  Expenses:Food:Coffee                               7.08 USD

2020-02-23 * "Giacomo's Restaurant" "" #trip-boston-2020
  Liabilities:US:Chase:Slate                       -41.17 USD
  Expenses:Food:Restaurant                          41.17 USD

2020-02-23 * "Legal Seafood" "" #trip-boston-2020
  Liabilities:US:Chase:Slate                       -35.10 USD
  Expenses:Food:Restaurant                          35.10 USD

2020-02-23 * "Starbucks" "" #trip-boston-2020
  Liabilities:US:Chase:Slate                        -5.54 USD
  Expenses:Food:Coffee                               5.54 USD

2020-02-24 * "Giacomo's Restaurant" "" #trip-boston-2020
  Liabilities:US:Chase:Slate                       -35.63 USD
  Expenses:Food:Restaurant                          35.63 USD

2020-02-25 * "Legal Seafood" "" #trip-boston-2020
  Liabilities:US:Chase:Slate                       -30.29 USD
  Expenses:Food:Restaurant                          30.29 USD

2020-02-25 * "Franklin Cafe" "" #trip-boston-2020
  Liabilities:US:Chase:Slate                       -26.71 USD
  Expenses:Food:Restaurant                          26.71 USD

2020-02-26 * "Legal Seafood" "" #trip-boston-2020
  Liabilities:US:Chase:Slate                       -32.91 USD
  Expenses:Food:Restaurant                          32.91 USD

2020-02-27 * "Good Moods Market" "Buying groceries"
  Liabilities:US:Chase:Slate                       -69.19 USD
  Expenses:Food:Groceries                           69.19 USD

2020-02-27 * "Giacomo's Restaurant" "" #trip-boston-2020
  Liabilities:US:Chase:Slate                       -40.71 USD
  Expenses:Food:Restaurant                          40.71 USD

2020-02-27 * "Legal Seafood" "" #trip-boston-2020
  Liabilities:US:Chase:Slate                       -31.33 USD
  Expenses:Food:Restaurant                          31.33 USD

2020-02-27 * "Consume vacation days"
  Assets:US:Hooli:Vacation                           -144 VACHR
  Expenses:Vacation                                   144 VACHR

2020-02-27 event "location" "New Metropolis"

2020-02-29 * "Uncle Boons" "Eating out with Joe"
  Liabilities:US:Chase:Slate                       -36.30 USD
  Expenses:Food:Restaurant                          36.30 USD

2020-02-29 * "Metro Transport Authority" "Tram tickets"
  Liabilities:US:Chase:Slate                      -120.00 USD
  Expenses:Transport:Tram                          120.00 USD

2020-03-04 * "Good Moods Market" "Buying groceries"
  Liabilities:US:Chase:Slate                       -83.95 USD
  Expenses:Food:Groceries                           83.95 USD

2020-03-05 * "Kin Soy" "Eating out with Joe"
  Liabilities:US:Chase:Slate                       -42.05 USD
  Expenses:Food:Restaurant                          42.05 USD

2020-03-10 * "Cafe Modagor" "Eating out with Joe"
  Liabilities:US:Chase:Slate                       -44.85 USD
  Expenses:Food:Restaurant                          44.85 USD

2020-03-11 balance Liabilities:US:Chase:Slate    -1057.48 USD

2020-03-11 * "Rose Flower" "Eating out with Natasha"
  Liabilities:US:Chase:Slate                       -24.62 USD
  Expenses:Food:Restaurant                          24.62 USD

2020-03-11 * "Chase:Slate" "Paying off credit card"
  Liabilities:US:Chase:Slate                       351.77 USD
  Assets:US:BofA:Checking                         -351.77 USD

2020-03-14 * "Jewel of Morroco" "Eating out "
  Liabilities:US:Chase:Slate                       -19.94 USD
  Expenses:Food:Restaurant                          19.94 USD

2020-03-16 * "Farmer Fresh" "Buying groceries"
  Liabilities:US:Chase:Slate                       -77.96 USD
  Expenses:Food:Groceries                           77.96 USD

2020-03-19 * "China Garden" "Eating out alone"
  Liabilities:US:Chase:Slate                       -38.24 USD
  Expenses:Food:Restaurant                          38.24 USD

2020-03-24 * "Chichipotle" "Eating out with Joe"
  Liabilities:US:Chase:Slate                       -11.63 USD
  Expenses:Food:Restaurant                          11.63 USD

2020-03-25 * "Goba Goba" "Eating out alone"
  Liabilities:US:Chase:Slate                       -22.81 USD
  Expenses:Food:Restaurant                          22.81 USD

2020-03-26 * "Kin Soy" "Eating out with Bill"
  Liabilities:US:Chase:Slate                       -24.69 USD
  Expenses:Food:Restaurant                          24.69 USD

2020-03-28 * "Good Moods Market" "Buying groceries"
  Liabilities:US:Chase:Slate                      -126.37 USD
  Expenses:Food:Groceries                          126.37 USD

2020-03-30 * "Jewel of Morroco" "Eating out with work buddies"
  Liabilities:US:Chase:Slate                       -36.01 USD
  Expenses:Food:Restaurant                          36.01 USD

2020-04-01 * "Jewel of Morroco" "Eating out with Natasha"
  Liabilities:US:Chase:Slate                       -35.58 USD
  Expenses:Food:Restaurant                          35.58 USD

2020-04-01 * "Metro Transport Authority" "Tram tickets"
  Liabilities:US:Chase:Slate                      -120.00 USD
  Expenses:Transport:Tram                          120.00 USD

2020-04-02 balance Liabilities:US:Chase:Slate    -1243.56 USD

2020-04-06 * "Cafe Modagor" "Eating out alone"
  Liabilities:US:Chase:Slate                       -40.30 USD
  Expenses:Food:Restaurant                          40.30 USD

2020-04-11 * "Chichipotle" "Eating out alone"
  Liabilities:US:Chase:Slate                       -36.28 USD
  Expenses:Food:Restaurant                          36.28 USD

2020-04-11 * "Chase:Slate" "Paying off credit card"
  Liabilities:US:Chase:Slate                       589.81 USD
  Assets:US:BofA:Checking                         -589.81 USD

2020-04-12 * "Kin Soy" "Eating out "
  Liabilities:US:Chase:Slate                       -17.63 USD
  Expenses:Food:Restaurant                          17.63 USD

2020-04-15 * "Good Moods Market" "Buying groceries"
  Liabilities:US:Chase:Slate                       -89.91 USD
  Expenses:Food:Groceries                           89.91 USD

2020-04-17 * "Chichipotle" "Eating out after work"
  Liabilities:US:Chase:Slate                       -53.19 USD
  Expenses:Food:Restaurant                          53.19 USD

2020-04-21 * "Kin Soy" "Eating out with Joe"
  Liabilities:US:Chase:Slate                       -37.65 USD
  Expenses:Food:Restaurant                          37.65 USD

2020-04-23 * "Cafe Modagor" "Eating out with Julie"
  Liabilities:US:Chase:Slate                       -24.13 USD
  Expenses:Food:Restaurant                          24.13 USD

2020-04-27 balance Liabilities:US:Chase:Slate     -952.84 USD

2020-04-28 * "China Garden" "Eating out with Natasha"
  Liabilities:US:Chase:Slate                       -29.58 USD
  Expenses:Food:Restaurant                          29.58 USD

2020-04-29 * "Jewel of Morroco" "Eating out "
  Liabilities:US:Chase:Slate                       -34.86 USD
  Expenses:Food:Restaurant                          34.86 USD

2020-04-30 * "Chichipotle" "Eating out with Joe"
  Liabilities:US:Chase:Slate                       -58.72 USD
  Expenses:Food:Restaurant                          58.72 USD

2020-04-30 * "Corner Deli" "Buying groceries"
  Liabilities:US:Chase:Slate                       -90.91 USD
  Expenses:Food:Groceries                           90.91 USD

2020-04-30 * "Metro Transport Authority" "Tram tickets"
  Liabilities:US:Chase:Slate                      -120.00 USD
  Expenses:Transport:Tram                          120.00 USD

2020-05-01 * "Jewel of Morroco" "Eating out with work buddies"
  Liabilities:US:Chase:Slate                       -24.03 USD
  Expenses:Food:Restaurant                          24.03 USD

2020-05-02 * "Rose Flower" "Eating out after work"
  Liabilities:US:Chase:Slate                       -23.97 USD
  Expenses:Food:Restaurant                          23.97 USD

2020-05-03 * "Goba Goba" "Eating out with Julie"
  Liabilities:US:Chase:Slate                       -31.47 USD
  Expenses:Food:Restaurant                          31.47 USD

2020-05-06 * "Kin Soy" "Eating out with Bill"
  Liabilities:US:Chase:Slate                       -38.43 USD
  Expenses:Food:Restaurant                          38.43 USD

2020-05-08 * "Jewel of Morroco" "Eating out with Joe"
  Liabilities:US:Chase:Slate                       -50.74 USD
  Expenses:Food:Restaurant                          50.74 USD

2020-05-09 * "Chase:Slate" "Paying off credit card"
  Liabilities:US:Chase:Slate                       768.15 USD
  Assets:US:BofA:Checking                         -768.15 USD

2020-05-10 * "Goba Goba" "Eating out alone"
  Liabilities:US:Chase:Slate                       -42.93 USD
  Expenses:Food:Restaurant                          42.93 USD

2020-05-10 * "Good Moods Market" "Buying groceries"
  Liabilities:US:Chase:Slate                       -76.53 USD
  Expenses:Food:Groceries                           76.53 USD

2020-05-11 * "Rose Flower" "Eating out with work buddies"
  Liabilities:US:Chase:Slate                       -26.49 USD
  Expenses:Food:Restaurant                          26.49 USD

2020-05-12 * "Rose Flower" "Eating out after work"
  Liabilities:US:Chase:Slate                       -54.32 USD
  Expenses:Food:Restaurant                          54.32 USD

2020-05-13 * "Uncle Boons" "Eating out with Julie"
  Liabilities:US:Chase:Slate                       -20.26 USD
  Expenses:Food:Restaurant                          20.26 USD

2020-05-16 * "Uncle Boons" "Eating out with Joe"
  Liabilities:US:Chase:Slate                       -34.53 USD
  Expenses:Food:Restaurant                          34.53 USD

2020-05-17 * "China Garden" "Eating out with work buddies"
  Liabilities:US:Chase:Slate                       -21.01 USD
  Expenses:Food:Restaurant                          21.01 USD

2020-05-21 * "Kin Soy" "Eating out with Natasha"
  Liabilities:US:Chase:Slate                       -15.97 USD
  Expenses:Food:Restaurant                          15.97 USD

2020-05-24 * "Uncle Boons" "Eating out "
  Liabilities:US:Chase:Slate                       -42.04 USD
  Expenses:Food:Restaurant                          42.04 USD

2020-05-26 balance Liabilities:US:Chase:Slate    -1021.48 USD

2020-05-26 * "Goba Goba" "Eating out with Joe"
  Liabilities:US:Chase:Slate                       -10.34 USD
  Expenses:Food:Restaurant                          10.34 USD

2020-05-28 * "China Garden" "Eating out alone"
  Liabilities:US:Chase:Slate                       -45.46 USD
  Expenses:Food:Restaurant                          45.46 USD

2020-05-28 * "Metro Transport Authority" "Tram tickets"
  Liabilities:US:Chase:Slate                      -120.00 USD
  Expenses:Transport:Tram                          120.00 USD

2020-05-29 * "Farmer Fresh" "Buying groceries"
  Liabilities:US:Chase:Slate                       -65.29 USD
  Expenses:Food:Groceries                           65.29 USD

2020-05-30 * "Kin Soy" "Eating out with work buddies"
  Liabilities:US:Chase:Slate                       -41.59 USD
  Expenses:Food:Restaurant                          41.59 USD

2020-06-03 * "Goba Goba" "Eating out with work buddies"
  Liabilities:US:Chase:Slate                       -30.21 USD
  Expenses:Food:Restaurant                          30.21 USD

2020-06-04 * "Rose Flower" "Eating out "
  Liabilities:US:Chase:Slate                       -22.35 USD
  Expenses:Food:Restaurant                          22.35 USD

2020-06-09 * "Chichipotle" "Eating out with Natasha"
  Liabilities:US:Chase:Slate                       -25.27 USD
  Expenses:Food:Restaurant                          25.27 USD

2020-06-10 * "Chase:Slate" "Paying off credit card"
  Liabilities:US:Chase:Slate                       665.79 USD
  Assets:US:BofA:Checking                         -665.79 USD

2020-06-13 * "China Garden" "Eating out after work"
  Liabilities:US:Chase:Slate                       -14.13 USD
  Expenses:Food:Restaurant                          14.13 USD

2020-06-13 * "Corner Deli" "Buying groceries"
  Liabilities:US:Chase:Slate                      -110.09 USD
  Expenses:Food:Groceries                          110.09 USD

2020-06-17 * "China Garden" "Eating out with Joe"
  Liabilities:US:Chase:Slate                       -22.23 USD
  Expenses:Food:Restaurant                          22.23 USD

2020-06-18 * "China Garden" "Eating out alone"
  Liabilities:US:Chase:Slate                       -27.55 USD
  Expenses:Food:Restaurant                          27.55 USD

2020-06-18 * "Farmer Fresh" "Buying groceries"
  Liabilities:US:Chase:Slate                       -67.05 USD
  Expenses:Food:Groceries                           67.05 USD

2020-06-20 balance Liabilities:US:Chase:Slate     -957.25 USD

2020-06-21 * "Goba Goba" "Eating out after work"
  Liabilities:US:Chase:Slate                       -11.50 USD
  Expenses:Food:Restaurant                          11.50 USD

2020-06-24 * "China Garden" "Eating out alone"
  Liabilities:US:Chase:Slate                       -17.69 USD
  Expenses:Food:Restaurant                          17.69 USD

2020-06-26 * "Chichipotle" "Eating out with Natasha"
  Liabilities:US:Chase:Slate                       -31.61 USD
  Expenses:Food:Restaurant                          31.61 USD

2020-06-26 * "Metro Transport Authority" "Tram tickets"
  Liabilities:US:Chase:Slate                      -120.00 USD
  Expenses:Transport:Tram                          120.00 USD

2020-06-29 * "Corner Deli" "Buying groceries"
  Liabilities:US:Chase:Slate                       -75.66 USD
  Expenses:Food:Groceries                           75.66 USD

2020-07-01 * "Cafe Modagor" "Eating out with work buddies"
  Liabilities:US:Chase:Slate                       -53.14 USD
  Expenses:Food:Restaurant                          53.14 USD

2020-07-03 * "Uncle Boons" "Eating out with Joe"
  Liabilities:US:Chase:Slate                       -48.41 USD
  Expenses:Food:Restaurant                          48.41 USD

2020-07-04 * "Uncle Boons" "Eating out with Natasha"
  Liabilities:US:Chase:Slate                       -24.84 USD
  Expenses:Food:Restaurant                          24.84 USD

2020-07-07 * "Kin Soy" "Eating out with Bill"
  Liabilities:US:Chase:Slate                       -15.61 USD
  Expenses:Food:Restaurant                          15.61 USD

2020-07-09 * "Kin Soy" "Eating out with work buddies"
  Liabilities:US:Chase:Slate                       -28.24 USD
  Expenses:Food:Restaurant                          28.24 USD

2020-07-10 event "location" "New York"

2020-07-11 * "Cafe Select" "" #trip-new-york-2020
  Liabilities:US:Chase:Slate                       -28.52 USD
  Expenses:Food:Restaurant                          28.52 USD

2020-07-11 * "Gimme! Coffee" "" #trip-new-york-2020
  Liabilities:US:Chase:Slate                        -8.01 USD
  Expenses:Food:Coffee                               8.01 USD

2020-07-11 * "Chase:Slate" "Paying off credit card"
  Liabilities:US:Chase:Slate                       677.07 USD
  Assets:US:BofA:Checking                         -677.07 USD

2020-07-12 * "Cafe Select" "" #trip-new-york-2020
  Liabilities:US:Chase:Slate                       -31.66 USD
  Expenses:Food:Restaurant                          31.66 USD

2020-07-12 * "Takahachi" "" #trip-new-york-2020
  Liabilities:US:Chase:Slate                       -53.17 USD
  Expenses:Food:Restaurant                          53.17 USD

2020-07-13 balance Liabilities:US:Chase:Slate     -828.24 USD

2020-07-13 * "Laut" "" #trip-new-york-2020
  Liabilities:US:Chase:Slate                       -26.84 USD
  Expenses:Food:Restaurant                          26.84 USD

2020-07-13 * "La Colombe" "" #trip-new-york-2020
  Liabilities:US:Chase:Slate                        -5.60 USD
  Expenses:Food:Coffee                               5.60 USD

2020-07-13 * "Gimme! Coffee" "" #trip-new-york-2020
  Liabilities:US:Chase:Slate                        -6.11 USD
  Expenses:Food:Coffee                               6.11 USD

2020-07-14 * "Takahachi" "" #trip-new-york-2020
  Liabilities:US:Chase:Slate                       -41.19 USD
  Expenses:Food:Restaurant                          41.19 USD

2020-07-14 * "Laut" "" #trip-new-york-2020
  Liabilities:US:Chase:Slate                       -36.28 USD
  Expenses:Food:Restaurant                          36.28 USD

2020-07-14 * "La Colombe" "" #trip-new-york-2020
  Liabilities:US:Chase:Slate                        -4.47 USD
  Expenses:Food:Coffee                               4.47 USD

2020-07-14 * "Gimme! Coffee" "" #trip-new-york-2020
  Liabilities:US:Chase:Slate                        -9.15 USD
  Expenses:Food:Coffee                               9.15 USD

2020-07-15 * "Uncle Boons" "" #trip-new-york-2020
  Liabilities:US:Chase:Slate                       -29.83 USD
  Expenses:Food:Restaurant                          29.83 USD

2020-07-15 * "Gimme! Coffee" "" #trip-new-york-2020
  Liabilities:US:Chase:Slate                        -7.51 USD
  Expenses:Food:Coffee                               7.51 USD

2020-07-16 * "Gimme! Coffee" "" #trip-new-york-2020
  Liabilities:US:Chase:Slate                        -6.52 USD
  Expenses:Food:Coffee                               6.52 USD

2020-07-17 * "Uncle Boons" "" #trip-new-york-2020
  Liabilities:US:Chase:Slate                       -39.47 USD
  Expenses:Food:Restaurant                          39.47 USD

2020-07-18 * "Takahachi" "" #trip-new-york-2020
  Liabilities:US:Chase:Slate                       -46.57 USD
  Expenses:Food:Restaurant                          46.57 USD

2020-07-18 * "La Colombe" "" #trip-new-york-2020
  Liabilities:US:Chase:Slate                        -4.01 USD
  Expenses:Food:Coffee                               4.01 USD

2020-07-19 * "Cafe Select" "" #trip-new-york-2020
  Liabilities:US:Chase:Slate                       -28.58 USD
  Expenses:Food:Restaurant                          28.58 USD

2020-07-19 * "Takahachi" "" #trip-new-york-2020
  Liabilities:US:Chase:Slate                       -59.34 USD
  Expenses:Food:Restaurant                          59.34 USD

2020-07-19 * "Laut" "" #trip-new-york-2020
  Liabilities:US:Chase:Slate                       -33.07 USD
  Expenses:Food:Restaurant                          33.07 USD

2020-07-19 * "La Colombe" "" #trip-new-york-2020
  Liabilities:US:Chase:Slate                        -5.64 USD
  Expenses:Food:Coffee                               5.64 USD

2020-07-20 * "Gimme! Coffee" "" #trip-new-york-2020
  Liabilities:US:Chase:Slate                        -6.73 USD
  Expenses:Food:Coffee                               6.73 USD

2020-07-21 * "Laut" "" #trip-new-york-2020
  Liabilities:US:Chase:Slate                       -31.33 USD
  Expenses:Food:Restaurant                          31.33 USD

2020-07-21 * "La Colombe" "" #trip-new-york-2020
  Liabilities:US:Chase:Slate                        -5.72 USD
  Expenses:Food:Coffee                               5.72 USD

2020-07-22 * "Cafe Select" "" #trip-new-york-2020
  Liabilities:US:Chase:Slate                       -30.92 USD
  Expenses:Food:Restaurant                          30.92 USD

2020-07-22 * "Laut" "" #trip-new-york-2020
  Liabilities:US:Chase:Slate                       -24.20 USD
  Expenses:Food:Restaurant                          24.20 USD

2020-07-22 * "La Colombe" "" #trip-new-york-2020
  Liabilities:US:Chase:Slate                        -6.19 USD
  Expenses:Food:Coffee                               6.19 USD

2020-07-23 * "Cafe Select" "" #trip-new-york-2020
  Liabilities:US:Chase:Slate                       -24.91 USD
  Expenses:Food:Restaurant                          24.91 USD

2020-07-23 * "Gimme! Coffee" "" #trip-new-york-2020
  Liabilities:US:Chase:Slate                        -8.80 USD
  Expenses:Food:Coffee                               8.80 USD

2020-07-24 * "Gimme! Coffee" "" #trip-new-york-2020
  Liabilities:US:Chase:Slate                        -9.98 USD
  Expenses:Food:Coffee                               9.98 USD

2020-07-26 * "Uncle Boons" "" #trip-new-york-2020
  Liabilities:US:Chase:Slate                       -31.60 USD
  Expenses:Food:Restaurant                          31.60 USD

2020-07-26 * "Cafe Select" "" #trip-new-york-2020
  Liabilities:US:Chase:Slate                       -28.16 USD
  Expenses:Food:Restaurant                          28.16 USD

2020-07-26 * "Takahachi" "" #trip-new-york-2020
  Liabilities:US:Chase:Slate                       -55.06 USD
  Expenses:Food:Restaurant                          55.06 USD

2020-07-27 * "Takahachi" "" #trip-new-york-2020
  Liabilities:US:Chase:Slate                       -46.19 USD
  Expenses:Food:Restaurant                          46.19 USD

2020-07-27 * "Laut" "" #trip-new-york-2020
  Liabilities:US:Chase:Slate                       -30.35 USD
  Expenses:Food:Restaurant                          30.35 USD

2020-07-27 * "Gimme! Coffee" "" #trip-new-york-2020
  Liabilities:US:Chase:Slate                        -7.82 USD
  Expenses:Food:Coffee                               7.82 USD

2020-07-28 * "Takahachi" "" #trip-new-york-2020
  Liabilities:US:Chase:Slate                       -38.39 USD
  Expenses:Food:Restaurant                          38.39 USD

2020-07-28 * "La Colombe" "" #trip-new-york-2020
  Liabilities:US:Chase:Slate                        -6.54 USD
  Expenses:Food:Coffee                               6.54 USD

2020-07-29 * "Laut" "" #trip-new-york-2020
  Liabilities:US:Chase:Slate                       -35.84 USD
  Expenses:Food:Restaurant                          35.84 USD

2020-07-30 * "Uncle Boons" "" #trip-new-york-2020
  Liabilities:US:Chase:Slate                       -42.45 USD
  Expenses:Food:Restaurant                          42.45 USD

2020-07-31 * "Cafe Select" "" #trip-new-york-2020
  Liabilities:US:Chase:Slate                       -33.87 USD
  Expenses:Food:Restaurant                          33.87 USD

2020-07-31 * "Takahachi" "" #trip-new-york-2020
  Liabilities:US:Chase:Slate                       -53.53 USD
  Expenses:Food:Restaurant                          53.53 USD

2020-07-31 * "Gimme! Coffee" "" #trip-new-york-2020
  Liabilities:US:Chase:Slate                        -7.95 USD
  Expenses:Food:Coffee                               7.95 USD

2020-07-31 * "Consume vacation days"
  Assets:US:Hooli:Vacation                           -168 VACHR
  Expenses:Vacation                                   168 VACHR

2020-07-31 event "location" "New Metropolis"

2020-08-01 * "Rose Flower" "Eating out with Joe"
  Liabilities:US:Chase:Slate                       -23.45 USD
  Expenses:Food:Restaurant                          23.45 USD

2020-08-03 * "China Garden" "Eating out with Bill"
  Liabilities:US:Chase:Slate                       -42.00 USD
  Expenses:Food:Restaurant                          42.00 USD

2020-08-05 * "Kin Soy" "Eating out after work"
  Liabilities:US:Chase:Slate                       -25.50 USD
  Expenses:Food:Restaurant                          25.50 USD

2020-08-06 balance Liabilities:US:Chase:Slate    -1875.90 USD

2020-08-06 * "Farmer Fresh" "Buying groceries"
  Liabilities:US:Chase:Slate                       -70.68 USD
  Expenses:Food:Groceries                           70.68 USD

2020-08-07 * "Chase:Slate" "Paying off credit card"
  Liabilities:US:Chase:Slate                       187.41 USD
  Assets:US:BofA:Checking                         -187.41 USD

2020-08-09 * "Chichipotle" "Eating out with Julie"
  Liabilities:US:Chase:Slate                       -49.23 USD
  Expenses:Food:Restaurant                          49.23 USD

2020-08-10 * "Rose Flower" "Eating out with Julie"
  Liabilities:US:Chase:Slate                       -40.28 USD
  Expenses:Food:Restaurant                          40.28 USD

2020-08-15 * "Uncle Boons" "Eating out "
  Liabilities:US:Chase:Slate                       -47.76 USD
  Expenses:Food:Restaurant                          47.76 USD

2020-08-18 * "Cafe Modagor" "Eating out with Joe"
  Liabilities:US:Chase:Slate                       -19.55 USD
  Expenses:Food:Restaurant                          19.55 USD

2020-08-19 * "Chichipotle" "Eating out with Julie"
  Liabilities:US:Chase:Slate                       -32.02 USD
  Expenses:Food:Restaurant                          32.02 USD

2020-08-24 * "Cafe Modagor" "Eating out with work buddies"
  Liabilities:US:Chase:Slate                       -30.18 USD
  Expenses:Food:Restaurant                          30.18 USD

2020-08-24 * "Farmer Fresh" "Buying groceries"
  Liabilities:US:Chase:Slate                       -69.45 USD
  Expenses:Food:Groceries                           69.45 USD

2020-08-26 balance Liabilities:US:Chase:Slate    -2047.64 USD

2020-08-26 * "Metro Transport Authority" "Tram tickets"
  Liabilities:US:Chase:Slate                      -120.00 USD
  Expenses:Transport:Tram                          120.00 USD

2020-08-28 * "Rose Flower" "Eating out with Joe"
  Liabilities:US:Chase:Slate                       -60.45 USD
  Expenses:Food:Restaurant                          60.45 USD

2020-08-30 * "Jewel of Morroco" "Eating out with Bill"
  Liabilities:US:Chase:Slate                       -36.18 USD
  Expenses:Food:Restaurant                          36.18 USD

2020-09-01 * "Uncle Boons" "Eating out with Julie"
  Liabilities:US:Chase:Slate                       -31.13 USD
  Expenses:Food:Restaurant                          31.13 USD

2020-09-02 * "Onion Market" "Buying groceries"
  Liabilities:US:Chase:Slate                       -46.90 USD
  Expenses:Food:Groceries                           46.90 USD

2020-09-06 * "Chichipotle" "Eating out with Joe"
  Liabilities:US:Chase:Slate                       -48.44 USD
  Expenses:Food:Restaurant                          48.44 USD

2020-09-07 * "Chase:Slate" "Paying off credit card"
  Liabilities:US:Chase:Slate                       602.00 USD
  Assets:US:BofA:Checking                         -602.00 USD

2020-09-11 * "Uncle Boons" "Eating out with Bill"
  Liabilities:US:Chase:Slate                       -19.66 USD
  Expenses:Food:Restaurant                          19.66 USD

2020-09-12 * "Uncle Boons" "Eating out with Julie"
  Liabilities:US:Chase:Slate                       -22.94 USD
  Expenses:Food:Restaurant                          22.94 USD

2020-09-14 * "Cafe Modagor" "Eating out with Natasha"
  Liabilities:US:Chase:Slate                       -13.94 USD
  Expenses:Food:Restaurant                          13.94 USD

2020-09-15 * "Good Moods Market" "Buying groceries"
  Liabilities:US:Chase:Slate                       -98.35 USD
  Expenses:Food:Groceries                           98.35 USD

2020-09-19 * "Rose Flower" "Eating out with Julie"
  Liabilities:US:Chase:Slate                       -54.62 USD
  Expenses:Food:Restaurant                          54.62 USD

2020-09-21 * "Chichipotle" "Eating out with Joe"
  Liabilities:US:Chase:Slate                       -44.62 USD
  Expenses:Food:Restaurant                          44.62 USD

2020-09-25 balance Liabilities:US:Chase:Slate    -2042.87 USD

2020-09-25 * "Chichipotle" "Eating out with Natasha"
  Liabilities:US:Chase:Slate                       -34.04 USD
  Expenses:Food:Restaurant                          34.04 USD

2020-09-26 * "China Garden" "Eating out with Julie"
  Liabilities:US:Chase:Slate                       -23.21 USD
  Expenses:Food:Restaurant                          23.21 USD

2020-09-26 * "Metro Transport Authority" "Tram tickets"
  Liabilities:US:Chase:Slate                      -120.00 USD
  Expenses:Transport:Tram                          120.00 USD

2020-10-01 * "Chichipotle" "Eating out with work buddies"
  Liabilities:US:Chase:Slate                       -21.35 USD
  Expenses:Food:Restaurant                          21.35 USD

2020-10-02 * "Good Moods Market" "Buying groceries"
  Liabilities:US:Chase:Slate                       -94.33 USD
  Expenses:Food:Groceries                           94.33 USD

2020-10-05 * "Kin Soy" "Eating out with Bill"
  Liabilities:US:Chase:Slate                       -43.28 USD
  Expenses:Food:Restaurant                          43.28 USD

2020-10-06 * "Cafe Modagor" "Eating out alone"
  Liabilities:US:Chase:Slate                       -28.98 USD
  Expenses:Food:Restaurant                          28.98 USD

2020-10-09 * "Kin Soy" "Eating out alone"
  Liabilities:US:Chase:Slate                       -61.11 USD
  Expenses:Food:Restaurant                          61.11 USD

2020-10-10 * "Chase:Slate" "Paying off credit card"
  Liabilities:US:Chase:Slate                       720.94 USD
  Assets:US:BofA:Checking                         -720.94 USD

2020-10-12 * "Jewel of Morroco" "Eating out with work buddies"
  Liabilities:US:Chase:Slate                       -60.17 USD
  Expenses:Food:Restaurant                          60.17 USD

2020-10-16 * "Uncle Boons" "Eating out with Julie"
  Liabilities:US:Chase:Slate                       -23.05 USD
  Expenses:Food:Restaurant                          23.05 USD

2020-10-19 * "Uncle Boons" "Eating out with Julie"
  Liabilities:US:Chase:Slate                       -58.08 USD
  Expenses:Food:Restaurant                          58.08 USD

2020-10-21 * "Uncle Boons" "Eating out with Joe"
  Liabilities:US:Chase:Slate                       -56.43 USD
  Expenses:Food:Restaurant                          56.43 USD

2020-10-22 * "Goba Goba" "Eating out with work buddies"
  Liabilities:US:Chase:Slate                       -19.99 USD
  Expenses:Food:Restaurant                          19.99 USD

2020-10-22 * "Corner Deli" "Buying groceries"
  Liabilities:US:Chase:Slate                       -64.88 USD
  Expenses:Food:Groceries                           64.88 USD

2020-10-24 balance Liabilities:US:Chase:Slate    -2030.83 USD

2020-10-26 * "Cafe Modagor" "Eating out alone"
  Liabilities:US:Chase:Slate                       -31.05 USD
  Expenses:Food:Restaurant                          31.05 USD

2020-10-27 * "Metro Transport Authority" "Tram tickets"
  Liabilities:US:Chase:Slate                      -120.00 USD
  Expenses:Transport:Tram                          120.00 USD

2020-10-30 * "Rose Flower" "Eating out with Bill"
  Liabilities:US:Chase:Slate                       -38.87 USD
  Expenses:Food:Restaurant                          38.87 USD

2020-11-01 * "China Garden" "Eating out with Bill"
  Liabilities:US:Chase:Slate                       -47.63 USD
  Expenses:Food:Restaurant                          47.63 USD

2020-11-02 * "Jewel of Morroco" "Eating out alone"
  Liabilities:US:Chase:Slate                       -24.76 USD
  Expenses:Food:Restaurant                          24.76 USD

2020-11-04 * "Good Moods Market" "Buying groceries"
  Liabilities:US:Chase:Slate                       -89.19 USD
  Expenses:Food:Groceries                           89.19 USD

2020-11-06 * "Cafe Modagor" "Eating out after work"
  Liabilities:US:Chase:Slate                       -29.22 USD
  Expenses:Food:Restaurant                          29.22 USD

2020-11-07 * "Chase:Slate" "Paying off credit card"
  Liabilities:US:Chase:Slate                       666.70 USD
  Assets:US:BofA:Checking                         -666.70 USD

2020-11-10 * "China Garden" "Eating out after work"
  Liabilities:US:Chase:Slate                       -63.55 USD
  Expenses:Food:Restaurant                          63.55 USD

2020-11-11 * "China Garden" "Eating out alone"
  Liabilities:US:Chase:Slate                       -31.93 USD
  Expenses:Food:Restaurant                          31.93 USD

2020-11-16 * "Rose Flower" "Eating out with Natasha"
  Liabilities:US:Chase:Slate                       -26.54 USD
  Expenses:Food:Restaurant                          26.54 USD

2020-11-17 * "Kin Soy" "Eating out after work"
  Liabilities:US:Chase:Slate                       -35.70 USD
  Expenses:Food:Restaurant                          35.70 USD

2020-11-18 * "Rose Flower" "Eating out "
  Liabilities:US:Chase:Slate                       -30.33 USD
  Expenses:Food:Restaurant                          30.33 USD

2020-11-19 * "Cafe Modagor" "Eating out "
  Liabilities:US:Chase:Slate                       -27.68 USD
  Expenses:Food:Restaurant                          27.68 USD

2020-11-20 * "Cafe Modagor" "Eating out with Natasha"
  Liabilities:US:Chase:Slate                       -16.86 USD
  Expenses:Food:Restaurant                          16.86 USD

2020-11-21 balance Liabilities:US:Chase:Slate    -1977.44 USD

2020-11-21 * "Onion Market" "Buying groceries"
  Liabilities:US:Chase:Slate                       -77.21 USD
  Expenses:Food:Groceries                           77.21 USD

2020-11-22 * "Uncle Boons" "Eating out "
  Liabilities:US:Chase:Slate                       -40.07 USD
  Expenses:Food:Restaurant                          40.07 USD

2020-11-23 * "Cafe Modagor" "Eating out with Julie"
  Liabilities:US:Chase:Slate                       -15.72 USD
  Expenses:Food:Restaurant                          15.72 USD

2020-11-23 * "Metro Transport Authority" "Tram tickets"
  Liabilities:US:Chase:Slate                      -120.00 USD
  Expenses:Transport:Tram                          120.00 USD

2020-11-28 * "Uncle Boons" "Eating out alone"
  Liabilities:US:Chase:Slate                       -19.78 USD
  Expenses:Food:Restaurant                          19.78 USD

2020-11-29 * "Rose Flower" "Eating out with Bill"
  Liabilities:US:Chase:Slate                       -47.51 USD
  Expenses:Food:Restaurant                          47.51 USD

2020-11-29 * "Onion Market" "Buying groceries"
  Liabilities:US:Chase:Slate                       -69.65 USD
  Expenses:Food:Groceries                           69.65 USD

2020-12-01 * "Chichipotle" "Eating out with Natasha"
  Liabilities:US:Chase:Slate                       -16.92 USD
  Expenses:Food:Restaurant                          16.92 USD

2020-12-02 * "Cafe Modagor" "Eating out after work"
  Liabilities:US:Chase:Slate                       -25.09 USD
  Expenses:Food:Restaurant                          25.09 USD

2020-12-04 * "Goba Goba" "Eating out with Joe"
  Liabilities:US:Chase:Slate                       -24.98 USD
  Expenses:Food:Restaurant                          24.98 USD

2020-12-07 * "Uncle Boons" "Eating out with Julie"
  Liabilities:US:Chase:Slate                       -24.21 USD
  Expenses:Food:Restaurant                          24.21 USD

2020-12-09 * "Onion Market" "Buying groceries"
  Liabilities:US:Chase:Slate                       -58.82 USD
  Expenses:Food:Groceries                           58.82 USD

2020-12-09 * "Chase:Slate" "Paying off credit card"
  Liabilities:US:Chase:Slate                       709.00 USD
  Assets:US:BofA:Checking                         -709.00 USD

2020-12-11 * "Goba Goba" "Eating out "
  Liabilities:US:Chase:Slate                       -14.97 USD
  Expenses:Food:Restaurant                          14.97 USD

2020-12-14 * "Kin Soy" "Eating out "
  Liabilities:US:Chase:Slate                       -46.73 USD
  Expenses:Food:Restaurant                          46.73 USD

2020-12-15 * "Rose Flower" "Eating out with Bill"
  Liabilities:US:Chase:Slate                       -32.51 USD
  Expenses:Food:Restaurant                          32.51 USD

2020-12-16 balance Liabilities:US:Chase:Slate    -1902.61 USD

2020-12-20 * "Uncle Boons" "Eating out with Bill"
  Liabilities:US:Chase:Slate                       -33.42 USD
  Expenses:Food:Restaurant                          33.42 USD

2020-12-22 * "Kin Soy" "Eating out with work buddies"
  Liabilities:US:Chase:Slate                       -26.02 USD
  Expenses:Food:Restaurant                          26.02 USD

2020-12-23 * "Farmer Fresh" "Buying groceries"
  Liabilities:US:Chase:Slate                       -50.69 USD
  Expenses:Food:Groceries                           50.69 USD

2020-12-24 * "Metro Transport Authority" "Tram tickets"
  Liabilities:US:Chase:Slate                      -120.00 USD
  Expenses:Transport:Tram                          120.00 USD

2020-12-25 * "Jewel of Morroco" "Eating out with Julie"
  Liabilities:US:Chase:Slate                       -40.82 USD
  Expenses:Food:Restaurant                          40.82 USD

2020-12-27 * "Goba Goba" "Eating out with Bill"
  Liabilities:US:Chase:Slate                       -31.45 USD
  Expenses:Food:Restaurant                          31.45 USD

2020-12-30 * "China Garden" "Eating out "
  Liabilities:US:Chase:Slate                       -30.13 USD
  Expenses:Food:Restaurant                          30.13 USD

2021-01-02 * "Cafe Modagor" "Eating out with Natasha"
  Liabilities:US:Chase:Slate                       -14.54 USD
  Expenses:Food:Restaurant                          14.54 USD

2021-01-02 * "Good Moods Market" "Buying groceries"
  Liabilities:US:Chase:Slate                       -47.09 USD
  Expenses:Food:Groceries                           47.09 USD

2021-01-07 * "Goba Goba" "Eating out alone"
  Liabilities:US:Chase:Slate                       -60.61 USD
  Expenses:Food:Restaurant                          60.61 USD

2021-01-08 * "Farmer Fresh" "Buying groceries"
  Liabilities:US:Chase:Slate                      -180.73 USD
  Expenses:Food:Groceries                          180.73 USD

2021-01-11 * "Uncle Boons" "Eating out with Joe"
  Liabilities:US:Chase:Slate                       -38.32 USD
  Expenses:Food:Restaurant                          38.32 USD

2021-01-11 * "Chase:Slate" "Paying off credit card"
  Liabilities:US:Chase:Slate                       768.03 USD
  Assets:US:BofA:Checking                         -768.03 USD

2021-01-14 balance Liabilities:US:Chase:Slate    -1808.40 USD

2021-01-16 * "Chichipotle" "Eating out alone"
  Liabilities:US:Chase:Slate                       -43.97 USD
  Expenses:Food:Restaurant                          43.97 USD

2021-01-16 * "Farmer Fresh" "Buying groceries"
  Liabilities:US:Chase:Slate                       -74.04 USD
  Expenses:Food:Groceries                           74.04 USD

2021-01-17 * "Jewel of Morroco" "Eating out alone"
  Liabilities:US:Chase:Slate                       -30.38 USD
  Expenses:Food:Restaurant                          30.38 USD

2021-01-21 * "China Garden" "Eating out alone"
  Liabilities:US:Chase:Slate                       -49.31 USD
  Expenses:Food:Restaurant                          49.31 USD

2021-01-25 * "Rose Flower" "Eating out with Bill"
  Liabilities:US:Chase:Slate                       -25.44 USD
  Expenses:Food:Restaurant                          25.44 USD

2021-01-25 * "Onion Market" "Buying groceries"
  Liabilities:US:Chase:Slate                       -79.40 USD
  Expenses:Food:Groceries                           79.40 USD

2021-01-25 * "Metro Transport Authority" "Tram tickets"
  Liabilities:US:Chase:Slate                      -120.00 USD
  Expenses:Transport:Tram                          120.00 USD

2021-01-29 * "Kin Soy" "Eating out "
  Liabilities:US:Chase:Slate                       -19.38 USD
  Expenses:Food:Restaurant                          19.38 USD

2021-02-03 * "Cafe Modagor" "Eating out "
  Liabilities:US:Chase:Slate                       -31.58 USD
  Expenses:Food:Restaurant                          31.58 USD

2021-02-05 * "Chichipotle" "Eating out "
  Liabilities:US:Chase:Slate                       -34.85 USD
  Expenses:Food:Restaurant                          34.85 USD

2021-02-07 * "China Garden" "Eating out with Julie"
  Liabilities:US:Chase:Slate                       -16.37 USD
  Expenses:Food:Restaurant                          16.37 USD

2021-02-08 balance Liabilities:US:Chase:Slate    -2333.12 USD

2021-02-08 * "Goba Goba" "Eating out with Joe"
  Liabilities:US:Chase:Slate                       -35.66 USD
  Expenses:Food:Restaurant                          35.66 USD

2021-02-09 * "Chase:Slate" "Paying off credit card"
  Liabilities:US:Chase:Slate                       655.67 USD
  Assets:US:BofA:Checking                         -655.67 USD

2021-02-11 * "Good Moods Market" "Buying groceries"
  Liabilities:US:Chase:Slate                       -95.29 USD
  Expenses:Food:Groceries                           95.29 USD

2021-02-12 * "China Garden" "Eating out with Julie"
  Liabilities:US:Chase:Slate                       -36.24 USD
  Expenses:Food:Restaurant                          36.24 USD

2021-02-15 * "China Garden" "Eating out alone"
  Liabilities:US:Chase:Slate                       -30.47 USD
  Expenses:Food:Restaurant                          30.47 USD

2021-02-16 * "Cafe Modagor" "Eating out with work buddies"
  Liabilities:US:Chase:Slate                       -52.67 USD
  Expenses:Food:Restaurant                          52.67 USD

2021-02-18 * "Farmer Fresh" "Buying groceries"
  Liabilities:US:Chase:Slate                       -92.53 USD
  Expenses:Food:Groceries                           92.53 USD

2021-02-20 event "location" "San Francisco"

2021-02-21 * "Bar Crudo" "" #trip-san-francisco-2021
  Liabilities:US:Chase:Slate                       -64.60 USD
  Expenses:Food:Restaurant                          64.60 USD

2021-02-21 * "Mission Chinese Food" "" #trip-san-francisco-2021
  Liabilities:US:Chase:Slate                       -20.92 USD
  Expenses:Food:Restaurant                          20.92 USD

2021-02-22 * "Mission Chinese Food" "" #trip-san-francisco-2021
  Liabilities:US:Chase:Slate                       -34.43 USD
  Expenses:Food:Restaurant                          34.43 USD

2021-02-23 * "Waterbar" "" #trip-san-francisco-2021
  Liabilities:US:Chase:Slate                       -50.30 USD
  Expenses:Food:Restaurant                          50.30 USD

2021-02-24 * "Bar Crudo" "" #trip-san-francisco-2021
  Liabilities:US:Chase:Slate                       -77.93 USD
  Expenses:Food:Restaurant                          77.93 USD

2021-02-24 * "Pizza Delfina" "" #trip-san-francisco-2021
  Liabilities:US:Chase:Slate                       -19.86 USD
  Expenses:Food:Restaurant                          19.86 USD

2021-02-24 * "Mission Chinese Food" "" #trip-san-francisco-2021
  Liabilities:US:Chase:Slate                       -26.53 USD
  Expenses:Food:Restaurant                          26.53 USD

2021-02-24 * "Starbucks" "" #trip-san-francisco-2021
  Liabilities:US:Chase:Slate                        -6.61 USD
  Expenses:Food:Coffee                               6.61 USD

2021-02-25 * "Waterbar" "" #trip-san-francisco-2021
  Liabilities:US:Chase:Slate                       -53.61 USD
  Expenses:Food:Restaurant                          53.61 USD

2021-02-26 * "Bar Crudo" "" #trip-san-francisco-2021
  Liabilities:US:Chase:Slate                       -76.58 USD
  Expenses:Food:Restaurant                          76.58 USD

2021-02-26 * "Pizza Delfina" "" #trip-san-francisco-2021
  Liabilities:US:Chase:Slate                       -18.88 USD
  Expenses:Food:Restaurant                          18.88 USD

2021-02-26 * "Waterbar" "" #trip-san-francisco-2021
  Liabilities:US:Chase:Slate                       -43.18 USD
  Expenses:Food:Restaurant                          43.18 USD

2021-02-26 * "Starbucks" "" #trip-san-francisco-2021
  Liabilities:US:Chase:Slate                        -6.33 USD
  Expenses:Food:Coffee                               6.33 USD

2021-02-27 * "Bar Crudo" "" #trip-san-francisco-2021
  Liabilities:US:Chase:Slate                       -87.88 USD
  Expenses:Food:Restaurant                          87.88 USD

2021-02-27 * "Pizza Delfina" "" #trip-san-francisco-2021
  Liabilities:US:Chase:Slate                       -21.71 USD
  Expenses:Food:Restaurant                          21.71 USD

2021-02-28 * "Bar Crudo" "" #trip-san-francisco-2021
  Liabilities:US:Chase:Slate                       -75.27 USD
  Expenses:Food:Restaurant                          75.27 USD

2021-02-28 * "Waterbar" "" #trip-san-francisco-2021
  Liabilities:US:Chase:Slate                       -55.23 USD
  Expenses:Food:Restaurant                          55.23 USD

2021-02-28 * "Mission Chinese Food" "" #trip-san-francisco-2021
  Liabilities:US:Chase:Slate                       -23.25 USD
  Expenses:Food:Restaurant                          23.25 USD

2021-02-28 * "Starbucks" "" #trip-san-francisco-2021
  Liabilities:US:Chase:Slate                        -6.34 USD
  Expenses:Food:Coffee                               6.34 USD

2021-03-01 * "Bar Crudo" "" #trip-san-francisco-2021
  Liabilities:US:Chase:Slate                       -75.13 USD
  Expenses:Food:Restaurant                          75.13 USD

2021-03-01 * "Waterbar" "" #trip-san-francisco-2021
  Liabilities:US:Chase:Slate                       -46.52 USD
  Expenses:Food:Restaurant                          46.52 USD

2021-03-01 * "Starbucks" "" #trip-san-francisco-2021
  Liabilities:US:Chase:Slate                        -6.03 USD
  Expenses:Food:Coffee                               6.03 USD

2021-03-02 * "Starbucks" "" #trip-san-francisco-2021
  Liabilities:US:Chase:Slate                        -5.65 USD
  Expenses:Food:Coffee                               5.65 USD

2021-03-03 * "Bar Crudo" "" #trip-san-francisco-2021
  Liabilities:US:Chase:Slate                       -64.93 USD
  Expenses:Food:Restaurant                          64.93 USD

2021-03-04 * "Bar Crudo" "" #trip-san-francisco-2021
  Liabilities:US:Chase:Slate                       -65.60 USD
  Expenses:Food:Restaurant                          65.60 USD

2021-03-04 * "Pizza Delfina" "" #trip-san-francisco-2021
  Liabilities:US:Chase:Slate                       -17.08 USD
  Expenses:Food:Restaurant                          17.08 USD

2021-03-04 * "Starbucks" "" #trip-san-francisco-2021
  Liabilities:US:Chase:Slate                        -5.43 USD
  Expenses:Food:Coffee                               5.43 USD

2021-03-04 * "Consume vacation days"
  Assets:US:Hooli:Vacation                            -96 VACHR
  Expenses:Vacation                                    96 VACHR

2021-03-04 event "location" "New Metropolis"

2021-03-05 balance Liabilities:US:Chase:Slate    -3076.12 USD

2021-03-05 * "Goba Goba" "Eating out "
  Liabilities:US:Chase:Slate                       -40.52 USD
  Expenses:Food:Restaurant                          40.52 USD

2021-03-08 * "China Garden" "Eating out "
  Liabilities:US:Chase:Slate                       -34.54 USD
  Expenses:Food:Restaurant                          34.54 USD

2021-03-10 * "Chase:Slate" "Paying off credit card"
  Liabilities:US:Chase:Slate                       313.34 USD
  Assets:US:BofA:Checking                         -313.34 USD

2021-03-12 * "Chichipotle" "Eating out after work"
  Liabilities:US:Chase:Slate                       -26.37 USD
  Expenses:Food:Restaurant                          26.37 USD

2021-03-13 * "Onion Market" "Buying groceries"
  Liabilities:US:Chase:Slate                      -119.67 USD
  Expenses:Food:Groceries                          119.67 USD

2021-03-16 * "Goba Goba" "Eating out after work"
  Liabilities:US:Chase:Slate                       -22.70 USD
  Expenses:Food:Restaurant                          22.70 USD

2021-03-17 * "Jewel of Morroco" "Eating out with work buddies"
  Liabilities:US:Chase:Slate                       -37.69 USD
  Expenses:Food:Restaurant                          37.69 USD

2021-03-19 * "Uncle Boons" "Eating out "
  Liabilities:US:Chase:Slate                       -18.81 USD
  Expenses:Food:Restaurant                          18.81 USD

2021-03-21 * "Uncle Boons" "Eating out alone"
  Liabilities:US:Chase:Slate                       -27.39 USD
  Expenses:Food:Restaurant                          27.39 USD

2021-03-22 * "Goba Goba" "Eating out with Julie"
  Liabilities:US:Chase:Slate                       -30.42 USD
  Expenses:Food:Restaurant                          30.42 USD

2021-03-22 * "Metro Transport Authority" "Tram tickets"
  Liabilities:US:Chase:Slate                      -120.00 USD
  Expenses:Transport:Tram                          120.00 USD

2021-03-23 * "Goba Goba" "Eating out with work buddies"
  Liabilities:US:Chase:Slate                       -37.34 USD
  Expenses:Food:Restaurant                          37.34 USD

2021-03-28 * "China Garden" "Eating out "
  Liabilities:US:Chase:Slate                       -35.25 USD
  Expenses:Food:Restaurant                          35.25 USD

2021-03-29 * "Jewel of Morroco" "Eating out with work buddies"
  Liabilities:US:Chase:Slate                       -29.69 USD
  Expenses:Food:Restaurant                          29.69 USD

2021-03-30 balance Liabilities:US:Chase:Slate    -3343.17 USD

2021-04-01 * "Goba Goba" "Eating out with work buddies"
  Liabilities:US:Chase:Slate                       -40.44 USD
  Expenses:Food:Restaurant                          40.44 USD

2021-04-02 * "Farmer Fresh" "Buying groceries"
  Liabilities:US:Chase:Slate                      -113.94 USD
  Expenses:Food:Groceries                          113.94 USD

2021-04-05 * "Cafe Modagor" "Eating out alone"
  Liabilities:US:Chase:Slate                       -18.51 USD
  Expenses:Food:Restaurant                          18.51 USD

2021-04-09 * "Goba Goba" "Eating out with Natasha"
  Liabilities:US:Chase:Slate                       -26.55 USD
  Expenses:Food:Restaurant                          26.55 USD

2021-04-10 * "Chase:Slate" "Paying off credit card"
  Liabilities:US:Chase:Slate                       695.11 USD
  Assets:US:BofA:Checking                         -695.11 USD

2021-04-14 * "China Garden" "Eating out with Natasha"
  Liabilities:US:Chase:Slate                       -16.71 USD
  Expenses:Food:Restaurant                          16.71 USD

2021-04-17 * "Onion Market" "Buying groceries"
  Liabilities:US:Chase:Slate                       -69.14 USD
  Expenses:Food:Groceries                           69.14 USD

2021-04-19 * "Goba Goba" "Eating out with Natasha"
  Liabilities:US:Chase:Slate                       -22.15 USD
  Expenses:Food:Restaurant                          22.15 USD

2021-04-20 * "Rose Flower" "Eating out "
  Liabilities:US:Chase:Slate                       -34.22 USD
  Expenses:Food:Restaurant                          34.22 USD

2021-04-22 balance Liabilities:US:Chase:Slate    -2989.72 USD

2021-04-23 * "Metro Transport Authority" "Tram tickets"
  Liabilities:US:Chase:Slate                      -120.00 USD
  Expenses:Transport:Tram                          120.00 USD

2021-04-24 * "Kin Soy" "Eating out with work buddies"
  Liabilities:US:Chase:Slate                       -25.31 USD
  Expenses:Food:Restaurant                          25.31 USD

2021-04-28 * "Cafe Modagor" "Eating out after work"
  Liabilities:US:Chase:Slate                       -33.17 USD
  Expenses:Food:Restaurant                          33.17 USD

2021-04-28 * "Farmer Fresh" "Buying groceries"
  Liabilities:US:Chase:Slate                       -95.05 USD
  Expenses:Food:Groceries                           95.05 USD

2021-05-03 * "Chichipotle" "Eating out with Julie"
  Liabilities:US:Chase:Slate                       -34.11 USD
  Expenses:Food:Restaurant                          34.11 USD

2021-05-05 * "Kin Soy" "Eating out with Joe"
  Liabilities:US:Chase:Slate                       -13.70 USD
  Expenses:Food:Restaurant                          13.70 USD

2021-05-10 * "China Garden" "Eating out after work"
  Liabilities:US:Chase:Slate                       -21.27 USD
  Expenses:Food:Restaurant                          21.27 USD

2021-05-10 * "Chase:Slate" "Paying off credit card"
  Liabilities:US:Chase:Slate                       468.12 USD
  Assets:US:BofA:Checking                         -468.12 USD

2021-05-12 * "Kin Soy" "Eating out with work buddies"
  Liabilities:US:Chase:Slate                       -24.24 USD
  Expenses:Food:Restaurant                          24.24 USD

2021-05-14 * "Jewel of Morroco" "Eating out "
  Liabilities:US:Chase:Slate                       -25.57 USD
  Expenses:Food:Restaurant                          25.57 USD

2021-05-14 * "Good Moods Market" "Buying groceries"
  Liabilities:US:Chase:Slate                       -70.99 USD
  Expenses:Food:Groceries                           70.99 USD

2021-05-17 balance Liabilities:US:Chase:Slate    -2985.01 USD

2021-05-18 * "Kin Soy" "Eating out with work buddies"
  Liabilities:US:Chase:Slate                       -27.51 USD
  Expenses:Food:Restaurant                          27.51 USD

2021-05-19 * "Chichipotle" "Eating out after work"
  Liabilities:US:Chase:Slate                       -27.98 USD
  Expenses:Food:Restaurant                          27.98 USD

2021-05-21 * "Farmer Fresh" "Buying groceries"
  Liabilities:US:Chase:Slate                       -71.34 USD
  Expenses:Food:Groceries                           71.34 USD

2021-05-23 * "Metro Transport Authority" "Tram tickets"
  Liabilities:US:Chase:Slate                      -120.00 USD
  Expenses:Transport:Tram                          120.00 USD

2021-05-24 * "Kin Soy" "Eating out after work"
  Liabilities:US:Chase:Slate                       -44.28 USD
  Expenses:Food:Restaurant                          44.28 USD

2021-05-28 * "Uncle Boons" "Eating out with Joe"
  Liabilities:US:Chase:Slate                       -58.33 USD
  Expenses:Food:Restaurant                          58.33 USD

2021-05-30 * "China Garden" "Eating out alone"
  Liabilities:US:Chase:Slate                       -27.24 USD
  Expenses:Food:Restaurant                          27.24 USD

2021-05-30 * "Good Moods Market" "Buying groceries"
  Liabilities:US:Chase:Slate                       -75.78 USD
  Expenses:Food:Groceries                           75.78 USD

2021-06-02 * "Jewel of Morroco" "Eating out with Natasha"
  Liabilities:US:Chase:Slate                       -32.11 USD
  Expenses:Food:Restaurant                          32.11 USD

2021-06-05 * "Jewel of Morroco" "Eating out alone"
  Liabilities:US:Chase:Slate                       -26.87 USD
  Expenses:Food:Restaurant                          26.87 USD

2021-06-05 * "Farmer Fresh" "Buying groceries"
  Liabilities:US:Chase:Slate                       -78.60 USD
  Expenses:Food:Groceries                           78.60 USD

2021-06-07 * "Chase:Slate" "Paying off credit card"
  Liabilities:US:Chase:Slate                       739.79 USD
  Assets:US:BofA:Checking                         -739.79 USD

2021-06-09 * "Goba Goba" "Eating out with Natasha"
  Liabilities:US:Chase:Slate                       -28.95 USD
  Expenses:Food:Restaurant                          28.95 USD

2021-06-12 balance Liabilities:US:Chase:Slate    -2864.21 USD

2021-06-13 * "Cafe Modagor" "Eating out with Natasha"
  Liabilities:US:Chase:Slate                       -54.25 USD
  Expenses:Food:Restaurant                          54.25 USD

2021-06-18 * "Cafe Modagor" "Eating out "
  Liabilities:US:Chase:Slate                       -26.81 USD
  Expenses:Food:Restaurant                          26.81 USD

2021-06-22 * "Rose Flower" "Eating out with Joe"
  Liabilities:US:Chase:Slate                       -31.21 USD
  Expenses:Food:Restaurant                          31.21 USD

2021-06-22 * "Metro Transport Authority" "Tram tickets"
  Liabilities:US:Chase:Slate                      -120.00 USD
  Expenses:Transport:Tram                          120.00 USD

2021-06-23 * "Farmer Fresh" "Buying groceries"
  Liabilities:US:Chase:Slate                       -70.87 USD
  Expenses:Food:Groceries                           70.87 USD

2021-06-24 * "Kin Soy" "Eating out with Julie"
  Liabilities:US:Chase:Slate                       -24.77 USD
  Expenses:Food:Restaurant                          24.77 USD

2021-06-28 * "Jewel of Morroco" "Eating out with Natasha"
  Liabilities:US:Chase:Slate                       -30.28 USD
  Expenses:Food:Restaurant                          30.28 USD

2021-07-02 event "location" "Los Angeles"

2021-07-04 balance Liabilities:US:Chase:Slate    -3222.40 USD

2021-07-04 * "Pampas Grill" "" #trip-los-angeles-2021
  Liabilities:US:Chase:Slate                       -23.42 USD
  Expenses:Food:Restaurant                          23.42 USD

2021-07-04 * "E.B.'s Beer and Wine" "" #trip-los-angeles-2021
  Liabilities:US:Chase:Slate                        -9.96 USD
  Expenses:Food:Alcohol                              9.96 USD

2021-07-05 * "Dupar's" "" #trip-los-angeles-2021
  Liabilities:US:Chase:Slate                       -33.78 USD
  Expenses:Food:Restaurant                          33.78 USD

2021-07-06 * "Banana Leaf" "" #trip-los-angeles-2021
  Liabilities:US:Chase:Slate                       -27.11 USD
  Expenses:Food:Restaurant                          27.11 USD

2021-07-06 * "Pampas Grill" "" #trip-los-angeles-2021
  Liabilities:US:Chase:Slate                       -25.54 USD
  Expenses:Food:Restaurant                          25.54 USD

2021-07-06 * "E.B.'s Beer and Wine" "" #trip-los-angeles-2021
  Liabilities:US:Chase:Slate                        -9.68 USD
  Expenses:Food:Alcohol                              9.68 USD

2021-07-07 * "Dupar's" "" #trip-los-angeles-2021
  Liabilities:US:Chase:Slate                       -28.99 USD
  Expenses:Food:Restaurant                          28.99 USD

2021-07-07 * "Pampas Grill" "" #trip-los-angeles-2021
  Liabilities:US:Chase:Slate                       -27.19 USD
  Expenses:Food:Restaurant                          27.19 USD

2021-07-07 * "Starbucks" "" #trip-los-angeles-2021
  Liabilities:US:Chase:Slate                        -6.02 USD
  Expenses:Food:Coffee                               6.02 USD

2021-07-07 * "E.B.'s Beer and Wine" "" #trip-los-angeles-2021
  Liabilities:US:Chase:Slate                       -10.90 USD
  Expenses:Food:Alcohol                             10.90 USD

2021-07-08 * "E.B.'s Beer and Wine" "" #trip-los-angeles-2021
  Liabilities:US:Chase:Slate                        -8.75 USD
  Expenses:Food:Alcohol                              8.75 USD

2021-07-08 * "Chase:Slate" "Paying off credit card"
  Liabilities:US:Chase:Slate                       414.79 USD
  Assets:US:BofA:Checking                         -414.79 USD

2021-07-09 * "Pampas Grill" "" #trip-los-angeles-2021
  Liabilities:US:Chase:Slate                       -27.51 USD
  Expenses:Food:Restaurant                          27.51 USD

2021-07-09 * "E.B.'s Beer and Wine" "" #trip-los-angeles-2021
  Liabilities:US:Chase:Slate                       -10.11 USD
  Expenses:Food:Alcohol                             10.11 USD

2021-07-10 * "Chipotle" "" #trip-los-angeles-2021
  Liabilities:US:Chase:Slate                       -18.23 USD
  Expenses:Food:Restaurant                          18.23 USD

2021-07-10 * "E.B.'s Beer and Wine" "" #trip-los-angeles-2021
  Liabilities:US:Chase:Slate                        -8.11 USD
  Expenses:Food:Alcohol                              8.11 USD

2021-07-11 * "Mr. Marcel" "" #trip-los-angeles-2021
  Liabilities:US:Chase:Slate                       -40.78 USD
  Expenses:Food:Restaurant                          40.78 USD

2021-07-11 * "Dupar's" "" #trip-los-angeles-2021
  Liabilities:US:Chase:Slate                       -32.78 USD
  Expenses:Food:Restaurant                          32.78 USD

2021-07-12 * "Mr. Marcel" "" #trip-los-angeles-2021
  Liabilities:US:Chase:Slate                       -28.04 USD
  Expenses:Food:Restaurant                          28.04 USD

2021-07-12 * "Dupar's" "" #trip-los-angeles-2021
  Liabilities:US:Chase:Slate                       -30.93 USD
  Expenses:Food:Restaurant                          30.93 USD

2021-07-12 * "Starbucks" "" #trip-los-angeles-2021
  Liabilities:US:Chase:Slate                        -5.94 USD
  Expenses:Food:Coffee                               5.94 USD

2021-07-13 * "Dupar's" "" #trip-los-angeles-2021
  Liabilities:US:Chase:Slate                       -32.82 USD
  Expenses:Food:Restaurant                          32.82 USD

2021-07-13 * "Chipotle" "" #trip-los-angeles-2021
  Liabilities:US:Chase:Slate                       -15.89 USD
  Expenses:Food:Restaurant                          15.89 USD

2021-07-13 * "E.B.'s Beer and Wine" "" #trip-los-angeles-2021
  Liabilities:US:Chase:Slate                        -9.17 USD
  Expenses:Food:Alcohol                              9.17 USD

2021-07-14 * "E.B.'s Beer and Wine" "" #trip-los-angeles-2021
  Liabilities:US:Chase:Slate                       -10.24 USD
  Expenses:Food:Alcohol                             10.24 USD

2021-07-14 * "Consume vacation days"
  Assets:US:Hooli:Vacation                            -96 VACHR
  Expenses:Vacation                                    96 VACHR

2021-07-14 event "location" "New Metropolis"

2021-07-17 * "Uncle Boons" "Eating out with Bill"
  Liabilities:US:Chase:Slate                       -56.60 USD
  Expenses:Food:Restaurant                          56.60 USD

2021-07-18 * "Cafe Modagor" "Eating out after work"
  Liabilities:US:Chase:Slate                       -37.77 USD
  Expenses:Food:Restaurant                          37.77 USD

2021-07-19 * "Metro Transport Authority" "Tram tickets"
  Liabilities:US:Chase:Slate                      -120.00 USD
  Expenses:Transport:Tram                          120.00 USD

2021-07-20 * "Jewel of Morroco" "Eating out with Joe"
  Liabilities:US:Chase:Slate                       -21.54 USD
  Expenses:Food:Restaurant                          21.54 USD

2021-07-24 * "Kin Soy" "Eating out after work"
  Liabilities:US:Chase:Slate                       -38.12 USD
  Expenses:Food:Restaurant                          38.12 USD

2021-07-26 balance Liabilities:US:Chase:Slate    -3563.53 USD

2021-07-26 * "Corner Deli" "Buying groceries"
  Liabilities:US:Chase:Slate                      -109.60 USD
  Expenses:Food:Groceries                          109.60 USD

2021-07-28 * "Goba Goba" "Eating out with Bill"
  Liabilities:US:Chase:Slate                       -20.02 USD
  Expenses:Food:Restaurant                          20.02 USD

2021-07-31 * "Cafe Modagor" "Eating out with Bill"
  Liabilities:US:Chase:Slate                       -55.20 USD
  Expenses:Food:Restaurant                          55.20 USD

2021-08-01 * "Jewel of Morroco" "Eating out with work buddies"
  Liabilities:US:Chase:Slate                       -29.62 USD
  Expenses:Food:Restaurant                          29.62 USD

2021-08-02 * "Kin Soy" "Eating out with Natasha"
  Liabilities:US:Chase:Slate                       -45.68 USD
  Expenses:Food:Restaurant                          45.68 USD

2021-08-02 * "Onion Market" "Buying groceries"
  Liabilities:US:Chase:Slate                      -105.49 USD
  Expenses:Food:Groceries                          105.49 USD

2021-08-06 * "Goba Goba" "Eating out alone"
  Liabilities:US:Chase:Slate                       -22.83 USD
  Expenses:Food:Restaurant                          22.83 USD

2021-08-08 * "Goba Goba" "Eating out with Natasha"
  Liabilities:US:Chase:Slate                       -21.51 USD
  Expenses:Food:Restaurant                          21.51 USD

2021-08-09 * "Uncle Boons" "Eating out with Julie"
  Liabilities:US:Chase:Slate                       -28.09 USD
  Expenses:Food:Restaurant                          28.09 USD

2021-08-11 * "Cafe Modagor" "Eating out with Joe"
  Liabilities:US:Chase:Slate                       -63.72 USD
  Expenses:Food:Restaurant                          63.72 USD

2021-08-11 * "Chase:Slate" "Paying off credit card"
  Liabilities:US:Chase:Slate                       719.19 USD
  Assets:US:BofA:Checking                         -719.19 USD

2021-08-14 * "Jewel of Morroco" "Eating out alone"
  Liabilities:US:Chase:Slate                       -23.58 USD
  Expenses:Food:Restaurant                          23.58 USD

2021-08-15 * "Good Moods Market" "Buying groceries"
  Liabilities:US:Chase:Slate                      -101.73 USD
  Expenses:Food:Groceries                          101.73 USD

2021-08-16 * "Rose Flower" "Eating out with Natasha"
  Liabilities:US:Chase:Slate                       -39.34 USD
  Expenses:Food:Restaurant                          39.34 USD

2021-08-18 balance Liabilities:US:Chase:Slate    -3510.75 USD

2021-08-18 * "Metro Transport Authority" "Tram tickets"
  Liabilities:US:Chase:Slate                      -120.00 USD
  Expenses:Transport:Tram                          120.00 USD

2021-08-21 * "China Garden" "Eating out with Joe"
  Liabilities:US:Chase:Slate                       -55.44 USD
  Expenses:Food:Restaurant                          55.44 USD

2021-08-24 * "Uncle Boons" "Eating out with work buddies"
  Liabilities:US:Chase:Slate                       -33.14 USD
  Expenses:Food:Restaurant                          33.14 USD

2021-08-26 * "Onion Market" "Buying groceries"
  Liabilities:US:Chase:Slate                       -54.58 USD
  Expenses:Food:Groceries                           54.58 USD

2021-08-27 * "Goba Goba" "Eating out with work buddies"
  Liabilities:US:Chase:Slate                       -22.44 USD
  Expenses:Food:Restaurant                          22.44 USD

2021-08-29 * "Rose Flower" "Eating out with Joe"
  Liabilities:US:Chase:Slate                       -13.51 USD
  Expenses:Food:Restaurant                          13.51 USD

2021-09-02 * "Uncle Boons" "Eating out alone"
  Liabilities:US:Chase:Slate                       -50.43 USD
  Expenses:Food:Restaurant                          50.43 USD

2021-09-04 * "Chichipotle" "Eating out with Julie"
  Liabilities:US:Chase:Slate                       -57.48 USD
  Expenses:Food:Restaurant                          57.48 USD

2021-09-04 * "Corner Deli" "Buying groceries"
  Liabilities:US:Chase:Slate                       -63.14 USD
  Expenses:Food:Groceries                           63.14 USD

2021-09-08 * "Goba Goba" "Eating out "
  Liabilities:US:Chase:Slate                       -22.23 USD
  Expenses:Food:Restaurant                          22.23 USD

2021-09-09 * "Uncle Boons" "Eating out "
  Liabilities:US:Chase:Slate                       -26.00 USD
  Expenses:Food:Restaurant                          26.00 USD

2021-09-10 * "Farmer Fresh" "Buying groceries"
  Liabilities:US:Chase:Slate                       -39.19 USD
  Expenses:Food:Groceries                           39.19 USD



* Taxable Investments

2019-01-01 open Assets:US:ETrade:Cash                       USD
2019-01-01 open Assets:US:ETrade:ITOT                       ITOT
2019-01-01 open Assets:US:ETrade:VEA                       VEA
2019-01-01 open Assets:US:ETrade:VHT                       VHT
2019-01-01 open Assets:US:ETrade:GLD                       GLD
2019-01-01 open Income:US:ETrade:PnL                        USD
2019-01-01 open Income:US:ETrade:ITOT:Dividend              USD
2019-01-01 open Income:US:ETrade:VEA:Dividend              USD
2019-01-01 open Income:US:ETrade:VHT:Dividend              USD
2019-01-01 open Income:US:ETrade:GLD:Dividend              USD

2019-09-18 * "Dividends on portfolio"
  Assets:US:ETrade:Cash                              0.00 USD
  Income:US:ETrade:VHT:Dividend                      0.00 USD

2019-10-02 * "Buy shares of ITOT"
  Assets:US:ETrade:Cash                          -3891.01 USD
  Assets:US:ETrade:ITOT                                79 ITOT {49.14 USD, 2019-10-02}
  Expenses:Financial:Commissions                     8.95 USD

2019-10-28 * "Sell shares of ITOT"
  Assets:US:ETrade:ITOT                               -79 ITOT {49.14 USD, 2019-10-02} @ 49.51 USD
  Assets:US:ETrade:Cash                           3902.34 USD
  Expenses:Financial:Commissions                     8.95 USD
  Income:US:ETrade:PnL                             -29.23 USD

2019-10-31 * "Buy shares of GLD"
  Assets:US:ETrade:Cash                          -2008.42 USD
  Assets:US:ETrade:GLD                                 33 GLD {60.59 USD, 2019-10-31}
  Expenses:Financial:Commissions                     8.95 USD

2019-10-31 * "Buy shares of VEA"
  Assets:US:ETrade:Cash                          -2002.70 USD
  Assets:US:ETrade:VEA                                 25 VEA {79.75 USD, 2019-10-31}
  Expenses:Financial:Commissions                     8.95 USD

2019-11-16 * "Buy shares of VEA"
  Assets:US:ETrade:Cash                          -1904.47 USD
  Assets:US:ETrade:VEA                                 24 VEA {78.98 USD, 2019-11-16}
  Expenses:Financial:Commissions                     8.95 USD

2019-11-16 * "Buy shares of GLD"
  Assets:US:ETrade:Cash                          -1904.29 USD
  Assets:US:ETrade:GLD                                 31 GLD {61.14 USD, 2019-11-16}
  Expenses:Financial:Commissions                     8.95 USD

2019-12-17 * "Dividends on portfolio"
  Assets:US:ETrade:Cash                             46.66 USD
  Income:US:ETrade:VEA:Dividend                    -46.66 USD

2020-03-17 * "Dividends on portfolio"
  Assets:US:ETrade:Cash                             46.66 USD
  Income:US:ETrade:ITOT:Dividend                   -46.66 USD

2020-04-26 * "Sell shares of VEA"
  Assets:US:ETrade:VEA                                -25 VEA {79.75 USD, 2019-10-31} @ 79.74 USD
  Assets:US:ETrade:Cash                           1984.55 USD
  Expenses:Financial:Commissions                     8.95 USD
  Income:US:ETrade:PnL                               0.25 USD

2020-05-17 * "Buy shares of VHT"
  Assets:US:ETrade:Cash                          -2086.15 USD
  Assets:US:ETrade:VHT                                 10 VHT {207.72 USD, 2020-05-17}
  Expenses:Financial:Commissions                     8.95 USD

2020-06-17 * "Dividends on portfolio"
  Assets:US:ETrade:Cash                             54.97 USD
  Income:US:ETrade:VHT:Dividend                    -54.97 USD

2020-08-16 * "Sell shares of GLD"
  Assets:US:ETrade:GLD                                -33 GLD {60.59 USD, 2019-10-31} @ 67.48 USD
  Assets:US:ETrade:Cash                           2217.89 USD
  Expenses:Financial:Commissions                     8.95 USD
  Income:US:ETrade:PnL                            -227.37 USD

2020-08-22 * "Buy shares of ITOT"
  Assets:US:ETrade:Cash                           -691.84 USD
  Assets:US:ETrade:ITOT                                13 ITOT {52.53 USD, 2020-08-22}
  Expenses:Financial:Commissions                     8.95 USD

2020-08-22 * "Buy shares of VHT"
  Assets:US:ETrade:Cash                           -651.46 USD
  Assets:US:ETrade:VHT                                  3 VHT {214.17 USD, 2020-08-22}
  Expenses:Financial:Commissions                     8.95 USD

2020-08-22 * "Buy shares of GLD"
  Assets:US:ETrade:Cash                           -686.05 USD
  Assets:US:ETrade:GLD                                 10 GLD {67.71 USD, 2020-08-22}
  Expenses:Financial:Commissions                     8.95 USD

2020-09-12 * "Buy shares of VEA"
  Assets:US:ETrade:Cash                          -5145.15 USD
  Assets:US:ETrade:VEA                                 61 VEA {84.20 USD, 2020-09-12}
  Expenses:Financial:Commissions                     8.95 USD

2020-09-17 * "Dividends on portfolio"
  Assets:US:ETrade:Cash                             83.53 USD
  Income:US:ETrade:VHT:Dividend                    -83.53 USD

2020-11-16 * "Buy shares of ITOT"
  Assets:US:ETrade:Cash                           -963.85 USD
  Assets:US:ETrade:ITOT                                18 ITOT {53.05 USD, 2020-11-16}
  Expenses:Financial:Commissions                     8.95 USD

2020-11-16 * "Buy shares of VHT"
  Assets:US:ETrade:Cash                           -908.43 USD
  Assets:US:ETrade:VHT                                  4 VHT {224.87 USD, 2020-11-16}
  Expenses:Financial:Commissions                     8.95 USD

2020-11-16 * "Buy shares of GLD"
  Assets:US:ETrade:Cash                           -989.80 USD
  Assets:US:ETrade:GLD                                 15 GLD {65.39 USD, 2020-11-16}
  Expenses:Financial:Commissions                     8.95 USD

2020-11-16 * "Buy shares of VEA"
  Assets:US:ETrade:Cash                           -961.11 USD
  Assets:US:ETrade:VEA                                 11 VEA {86.56 USD, 2020-11-16}
  Expenses:Financial:Commissions                     8.95 USD

2020-12-04 * "Sell shares of VEA"
  Assets:US:ETrade:VEA                                -24 VEA {78.98 USD, 2019-11-16} @ 87.12 USD
  Assets:US:ETrade:Cash                           2081.93 USD
  Expenses:Financial:Commissions                     8.95 USD
  Income:US:ETrade:PnL                            -195.36 USD

2020-12-13 * "Buy shares of GLD"
  Assets:US:ETrade:Cash                           -471.23 USD
  Assets:US:ETrade:GLD                                  7 GLD {66.04 USD, 2020-12-13}
  Expenses:Financial:Commissions                     8.95 USD

2020-12-13 * "Buy shares of VEA"
  Assets:US:ETrade:Cash                           -447.55 USD
  Assets:US:ETrade:VEA                                  5 VEA {87.72 USD, 2020-12-13}
  Expenses:Financial:Commissions                     8.95 USD

2020-12-13 * "Buy shares of VHT"
  Assets:US:ETrade:Cash                           -456.89 USD
  Assets:US:ETrade:VHT                                  2 VHT {223.97 USD, 2020-12-13}
  Expenses:Financial:Commissions                     8.95 USD

2020-12-13 * "Buy shares of ITOT"
  Assets:US:ETrade:Cash                           -485.05 USD
  Assets:US:ETrade:ITOT                                 9 ITOT {52.90 USD, 2020-12-13}
  Expenses:Financial:Commissions                     8.95 USD

2020-12-17 * "Dividends on portfolio"
  Assets:US:ETrade:Cash                            105.98 USD
  Income:US:ETrade:ITOT:Dividend                  -105.98 USD

2021-03-18 * "Dividends on portfolio"
  Assets:US:ETrade:Cash                            105.98 USD
  Income:US:ETrade:GLD:Dividend                   -105.98 USD

2021-06-18 * "Dividends on portfolio"
  Assets:US:ETrade:Cash                            105.98 USD
  Income:US:ETrade:VHT:Dividend                   -105.98 USD



* Vanguard Investments

2019-01-01 open Assets:US:Vanguard:VBMPX                     VBMPX
  number: "882882"
2019-01-01 open Assets:US:Vanguard:RGAGX                     RGAGX
  number: "882882"
2019-01-01 open Assets:US:Vanguard                            USD
  address: "P.O. Box 1110, Valley Forge, PA 19482-1110"
  institution: "Vanguard Group"
  phone: "+1.800.523.1188"
2019-01-01 open Income:US:Hooli:Match401k                   USD
2019-01-01 open Assets:US:Vanguard:Cash                       USD
  number: "882882"

2019-01-04 * "Employer match for contribution"
  Assets:US:Vanguard:Cash                          600.00 USD
  Income:US:Hooli:Match401k                       -600.00 USD

2019-01-07 * "Investing 40% of cash in VBMPX"
  Assets:US:Vanguard:VBMPX                          5.062 VBMPX {94.83 USD, 2019-01-07}
  Assets:US:Vanguard:Cash                         -480.03 USD

2019-01-07 * "Investing 60% of cash in RGAGX"
  Assets:US:Vanguard:RGAGX                          5.821 RGAGX {123.69 USD, 2019-01-07}
  Assets:US:Vanguard:Cash                         -720.00 USD

2019-01-07 * "Investing 40% of cash in VBMPX"
  Assets:US:Vanguard:VBMPX                          2.531 VBMPX {94.83 USD, 2019-01-07}
  Assets:US:Vanguard:Cash                         -240.01 USD

2019-01-07 * "Investing 60% of cash in RGAGX"
  Assets:US:Vanguard:RGAGX                          2.910 RGAGX {123.69 USD, 2019-01-07}
  Assets:US:Vanguard:Cash                         -359.94 USD

2019-01-18 * "Employer match for contribution"
  Assets:US:Vanguard:Cash                          600.00 USD
  Income:US:Hooli:Match401k                       -600.00 USD

2019-01-21 * "Investing 40% of cash in VBMPX"
  Assets:US:Vanguard:VBMPX                          5.095 VBMPX {94.22 USD, 2019-01-21}
  Assets:US:Vanguard:Cash                         -480.05 USD

2019-01-21 * "Investing 60% of cash in RGAGX"
  Assets:US:Vanguard:RGAGX                          5.901 RGAGX {122.02 USD, 2019-01-21}
  Assets:US:Vanguard:Cash                         -720.04 USD

2019-01-21 * "Investing 40% of cash in VBMPX"
  Assets:US:Vanguard:VBMPX                          2.547 VBMPX {94.22 USD, 2019-01-21}
  Assets:US:Vanguard:Cash                         -239.98 USD

2019-01-21 * "Investing 60% of cash in RGAGX"
  Assets:US:Vanguard:RGAGX                          2.950 RGAGX {122.02 USD, 2019-01-21}
  Assets:US:Vanguard:Cash                         -359.96 USD

2019-02-01 * "Employer match for contribution"
  Assets:US:Vanguard:Cash                          600.00 USD
  Income:US:Hooli:Match401k                       -600.00 USD

2019-02-04 * "Investing 40% of cash in VBMPX"
  Assets:US:Vanguard:VBMPX                          4.950 VBMPX {96.97 USD, 2019-02-04}
  Assets:US:Vanguard:Cash                         -480.00 USD

2019-02-04 * "Investing 60% of cash in RGAGX"
  Assets:US:Vanguard:RGAGX                          5.892 RGAGX {122.20 USD, 2019-02-04}
  Assets:US:Vanguard:Cash                         -720.00 USD

2019-02-04 * "Investing 40% of cash in VBMPX"
  Assets:US:Vanguard:VBMPX                          2.475 VBMPX {96.97 USD, 2019-02-04}
  Assets:US:Vanguard:Cash                         -240.00 USD

2019-02-04 * "Investing 60% of cash in RGAGX"
  Assets:US:Vanguard:RGAGX                          2.946 RGAGX {122.20 USD, 2019-02-04}
  Assets:US:Vanguard:Cash                         -360.00 USD

2019-02-15 * "Employer match for contribution"
  Assets:US:Vanguard:Cash                          600.00 USD
  Income:US:Hooli:Match401k                       -600.00 USD

2019-02-18 * "Investing 40% of cash in VBMPX"
  Assets:US:Vanguard:VBMPX                          4.887 VBMPX {98.21 USD, 2019-02-18}
  Assets:US:Vanguard:Cash                         -479.95 USD

2019-02-18 * "Investing 60% of cash in RGAGX"
  Assets:US:Vanguard:RGAGX                          5.773 RGAGX {124.72 USD, 2019-02-18}
  Assets:US:Vanguard:Cash                         -720.01 USD

2019-02-18 * "Investing 40% of cash in VBMPX"
  Assets:US:Vanguard:VBMPX                          2.444 VBMPX {98.21 USD, 2019-02-18}
  Assets:US:Vanguard:Cash                         -240.03 USD

2019-02-18 * "Investing 60% of cash in RGAGX"
  Assets:US:Vanguard:RGAGX                          2.887 RGAGX {124.72 USD, 2019-02-18}
  Assets:US:Vanguard:Cash                         -360.07 USD

2019-03-01 * "Employer match for contribution"
  Assets:US:Vanguard:Cash                          600.00 USD
  Income:US:Hooli:Match401k                       -600.00 USD

2019-03-04 * "Investing 40% of cash in VBMPX"
  Assets:US:Vanguard:VBMPX                          4.674 VBMPX {102.70 USD, 2019-03-04}
  Assets:US:Vanguard:Cash                         -480.02 USD

2019-03-04 * "Investing 60% of cash in RGAGX"
  Assets:US:Vanguard:RGAGX                          5.682 RGAGX {126.71 USD, 2019-03-04}
  Assets:US:Vanguard:Cash                         -719.97 USD

2019-03-04 * "Investing 40% of cash in VBMPX"
  Assets:US:Vanguard:VBMPX                          2.337 VBMPX {102.70 USD, 2019-03-04}
  Assets:US:Vanguard:Cash                         -240.01 USD

2019-03-04 * "Investing 60% of cash in RGAGX"
  Assets:US:Vanguard:RGAGX                          2.841 RGAGX {126.71 USD, 2019-03-04}
  Assets:US:Vanguard:Cash                         -359.98 USD

2019-03-15 * "Employer match for contribution"
  Assets:US:Vanguard:Cash                          600.00 USD
  Income:US:Hooli:Match401k                       -600.00 USD

2019-03-18 * "Investing 40% of cash in VBMPX"
  Assets:US:Vanguard:VBMPX                          4.592 VBMPX {104.52 USD, 2019-03-18}
  Assets:US:Vanguard:Cash                         -479.96 USD

2019-03-18 * "Investing 60% of cash in RGAGX"
  Assets:US:Vanguard:RGAGX                          5.885 RGAGX {122.35 USD, 2019-03-18}
  Assets:US:Vanguard:Cash                         -720.03 USD

2019-03-18 * "Investing 40% of cash in VBMPX"
  Assets:US:Vanguard:VBMPX                          2.296 VBMPX {104.52 USD, 2019-03-18}
  Assets:US:Vanguard:Cash                         -239.98 USD

2019-03-18 * "Investing 60% of cash in RGAGX"
  Assets:US:Vanguard:RGAGX                          2.942 RGAGX {122.35 USD, 2019-03-18}
  Assets:US:Vanguard:Cash                         -359.95 USD

2019-03-29 * "Employer match for contribution"
  Assets:US:Vanguard:Cash                          600.00 USD
  Income:US:Hooli:Match401k                       -600.00 USD

2019-04-01 * "Investing 40% of cash in VBMPX"
  Assets:US:Vanguard:VBMPX                          4.577 VBMPX {104.87 USD, 2019-04-01}
  Assets:US:Vanguard:Cash                         -479.99 USD

2019-04-01 * "Investing 60% of cash in RGAGX"
  Assets:US:Vanguard:RGAGX                          5.884 RGAGX {122.37 USD, 2019-04-01}
  Assets:US:Vanguard:Cash                         -720.03 USD

2019-04-01 * "Investing 40% of cash in VBMPX"
  Assets:US:Vanguard:VBMPX                          2.289 VBMPX {104.87 USD, 2019-04-01}
  Assets:US:Vanguard:Cash                         -240.05 USD

2019-04-01 * "Investing 60% of cash in RGAGX"
  Assets:US:Vanguard:RGAGX                          2.942 RGAGX {122.37 USD, 2019-04-01}
  Assets:US:Vanguard:Cash                         -360.01 USD

2019-04-12 * "Employer match for contribution"
  Assets:US:Vanguard:Cash                          600.00 USD
  Income:US:Hooli:Match401k                       -600.00 USD

2019-04-15 * "Investing 40% of cash in VBMPX"
  Assets:US:Vanguard:VBMPX                          4.657 VBMPX {103.06 USD, 2019-04-15}
  Assets:US:Vanguard:Cash                         -479.95 USD

2019-04-15 * "Investing 60% of cash in RGAGX"
  Assets:US:Vanguard:RGAGX                          5.841 RGAGX {123.26 USD, 2019-04-15}
  Assets:US:Vanguard:Cash                         -719.96 USD

2019-04-15 * "Investing 40% of cash in VBMPX"
  Assets:US:Vanguard:VBMPX                          2.329 VBMPX {103.06 USD, 2019-04-15}
  Assets:US:Vanguard:Cash                         -240.03 USD

2019-04-15 * "Investing 60% of cash in RGAGX"
  Assets:US:Vanguard:RGAGX                          2.921 RGAGX {123.26 USD, 2019-04-15}
  Assets:US:Vanguard:Cash                         -360.04 USD

2019-04-26 * "Employer match for contribution"
  Assets:US:Vanguard:Cash                          600.00 USD
  Income:US:Hooli:Match401k                       -600.00 USD

2019-04-29 * "Investing 40% of cash in VBMPX"
  Assets:US:Vanguard:VBMPX                          4.616 VBMPX {103.99 USD, 2019-04-29}
  Assets:US:Vanguard:Cash                         -480.02 USD

2019-04-29 * "Investing 60% of cash in RGAGX"
  Assets:US:Vanguard:RGAGX                          5.939 RGAGX {121.23 USD, 2019-04-29}
  Assets:US:Vanguard:Cash                         -719.98 USD

2019-04-29 * "Investing 40% of cash in VBMPX"
  Assets:US:Vanguard:VBMPX                          2.308 VBMPX {103.99 USD, 2019-04-29}
  Assets:US:Vanguard:Cash                         -240.01 USD

2019-04-29 * "Investing 60% of cash in RGAGX"
  Assets:US:Vanguard:RGAGX                          2.969 RGAGX {121.23 USD, 2019-04-29}
  Assets:US:Vanguard:Cash                         -359.93 USD

2019-05-10 * "Employer match for contribution"
  Assets:US:Vanguard:Cash                          600.00 USD
  Income:US:Hooli:Match401k                       -600.00 USD

2019-05-13 * "Investing 40% of cash in VBMPX"
  Assets:US:Vanguard:VBMPX                          4.673 VBMPX {102.71 USD, 2019-05-13}
  Assets:US:Vanguard:Cash                         -479.96 USD

2019-05-13 * "Investing 60% of cash in RGAGX"
  Assets:US:Vanguard:RGAGX                          5.805 RGAGX {124.03 USD, 2019-05-13}
  Assets:US:Vanguard:Cash                         -719.99 USD

2019-05-13 * "Investing 40% of cash in VBMPX"
  Assets:US:Vanguard:VBMPX                          2.337 VBMPX {102.71 USD, 2019-05-13}
  Assets:US:Vanguard:Cash                         -240.03 USD

2019-05-13 * "Investing 60% of cash in RGAGX"
  Assets:US:Vanguard:RGAGX                          2.903 RGAGX {124.03 USD, 2019-05-13}
  Assets:US:Vanguard:Cash                         -360.06 USD

2019-05-24 * "Employer match for contribution"
  Assets:US:Vanguard:Cash                          600.00 USD
  Income:US:Hooli:Match401k                       -600.00 USD

2019-05-27 * "Investing 40% of cash in VBMPX"
  Assets:US:Vanguard:VBMPX                          4.524 VBMPX {106.11 USD, 2019-05-27}
  Assets:US:Vanguard:Cash                         -480.04 USD

2019-05-27 * "Investing 60% of cash in RGAGX"
  Assets:US:Vanguard:RGAGX                          5.754 RGAGX {125.12 USD, 2019-05-27}
  Assets:US:Vanguard:Cash                         -719.94 USD

2019-05-27 * "Investing 40% of cash in VBMPX"
  Assets:US:Vanguard:VBMPX                          2.262 VBMPX {106.11 USD, 2019-05-27}
  Assets:US:Vanguard:Cash                         -240.02 USD

2019-05-27 * "Investing 60% of cash in RGAGX"
  Assets:US:Vanguard:RGAGX                          2.877 RGAGX {125.12 USD, 2019-05-27}
  Assets:US:Vanguard:Cash                         -359.97 USD

2019-06-07 * "Employer match for contribution"
  Assets:US:Vanguard:Cash                          600.00 USD
  Income:US:Hooli:Match401k                       -600.00 USD

2019-06-10 * "Investing 40% of cash in VBMPX"
  Assets:US:Vanguard:VBMPX                          4.622 VBMPX {103.85 USD, 2019-06-10}
  Assets:US:Vanguard:Cash                         -479.99 USD

2019-06-10 * "Investing 60% of cash in RGAGX"
  Assets:US:Vanguard:RGAGX                          5.809 RGAGX {123.94 USD, 2019-06-10}
  Assets:US:Vanguard:Cash                         -719.97 USD

2019-06-10 * "Investing 40% of cash in VBMPX"
  Assets:US:Vanguard:VBMPX                          2.311 VBMPX {103.85 USD, 2019-06-10}
  Assets:US:Vanguard:Cash                         -240.00 USD

2019-06-10 * "Investing 60% of cash in RGAGX"
  Assets:US:Vanguard:RGAGX                          2.905 RGAGX {123.94 USD, 2019-06-10}
  Assets:US:Vanguard:Cash                         -360.05 USD

2019-06-21 * "Employer match for contribution"
  Assets:US:Vanguard:Cash                          600.00 USD
  Income:US:Hooli:Match401k                       -600.00 USD

2019-06-24 * "Investing 40% of cash in VBMPX"
  Assets:US:Vanguard:VBMPX                          4.696 VBMPX {102.21 USD, 2019-06-24}
  Assets:US:Vanguard:Cash                         -479.98 USD

2019-06-24 * "Investing 60% of cash in RGAGX"
  Assets:US:Vanguard:RGAGX                          5.827 RGAGX {123.57 USD, 2019-06-24}
  Assets:US:Vanguard:Cash                         -720.04 USD

2019-06-24 * "Investing 40% of cash in VBMPX"
  Assets:US:Vanguard:VBMPX                          2.348 VBMPX {102.21 USD, 2019-06-24}
  Assets:US:Vanguard:Cash                         -239.99 USD

2019-06-24 * "Investing 60% of cash in RGAGX"
  Assets:US:Vanguard:RGAGX                          2.913 RGAGX {123.57 USD, 2019-06-24}
  Assets:US:Vanguard:Cash                         -359.96 USD

2019-07-05 * "Employer match for contribution"
  Assets:US:Vanguard:Cash                          600.00 USD
  Income:US:Hooli:Match401k                       -600.00 USD

2019-07-08 * "Investing 40% of cash in VBMPX"
  Assets:US:Vanguard:VBMPX                          4.617 VBMPX {103.96 USD, 2019-07-08}
  Assets:US:Vanguard:Cash                         -479.98 USD

2019-07-08 * "Investing 60% of cash in RGAGX"
  Assets:US:Vanguard:RGAGX                          5.786 RGAGX {124.44 USD, 2019-07-08}
  Assets:US:Vanguard:Cash                         -720.01 USD

2019-07-08 * "Investing 40% of cash in VBMPX"
  Assets:US:Vanguard:VBMPX                          2.309 VBMPX {103.96 USD, 2019-07-08}
  Assets:US:Vanguard:Cash                         -240.04 USD

2019-07-08 * "Investing 60% of cash in RGAGX"
  Assets:US:Vanguard:RGAGX                          2.893 RGAGX {124.44 USD, 2019-07-08}
  Assets:US:Vanguard:Cash                         -360.00 USD

2019-07-19 * "Employer match for contribution"
  Assets:US:Vanguard:Cash                          600.00 USD
  Income:US:Hooli:Match401k                       -600.00 USD

2019-07-22 * "Investing 40% of cash in VBMPX"
  Assets:US:Vanguard:VBMPX                          4.432 VBMPX {108.30 USD, 2019-07-22}
  Assets:US:Vanguard:Cash                         -479.99 USD

2019-07-22 * "Investing 60% of cash in RGAGX"
  Assets:US:Vanguard:RGAGX                          5.812 RGAGX {123.89 USD, 2019-07-22}
  Assets:US:Vanguard:Cash                         -720.05 USD

2019-07-22 * "Investing 40% of cash in VBMPX"
  Assets:US:Vanguard:VBMPX                          2.216 VBMPX {108.30 USD, 2019-07-22}
  Assets:US:Vanguard:Cash                         -239.99 USD

2019-07-22 * "Investing 60% of cash in RGAGX"
  Assets:US:Vanguard:RGAGX                          2.906 RGAGX {123.89 USD, 2019-07-22}
  Assets:US:Vanguard:Cash                         -360.02 USD

2019-08-02 * "Employer match for contribution"
  Assets:US:Vanguard:Cash                          250.00 USD
  Income:US:Hooli:Match401k                       -250.00 USD

2019-08-05 * "Investing 40% of cash in VBMPX"
  Assets:US:Vanguard:VBMPX                          1.891 VBMPX {105.75 USD, 2019-08-05}
  Assets:US:Vanguard:Cash                         -199.97 USD

2019-08-05 * "Investing 60% of cash in RGAGX"
  Assets:US:Vanguard:RGAGX                          2.434 RGAGX {123.22 USD, 2019-08-05}
  Assets:US:Vanguard:Cash                         -299.92 USD

2019-08-05 * "Investing 40% of cash in VBMPX"
  Assets:US:Vanguard:VBMPX                          0.946 VBMPX {105.75 USD, 2019-08-05}
  Assets:US:Vanguard:Cash                         -100.04 USD

2019-08-05 * "Investing 60% of cash in RGAGX"
  Assets:US:Vanguard:RGAGX                          1.218 RGAGX {123.22 USD, 2019-08-05}
  Assets:US:Vanguard:Cash                         -150.08 USD

2020-01-03 * "Employer match for contribution"
  Assets:US:Vanguard:Cash                          600.00 USD
  Income:US:Hooli:Match401k                       -600.00 USD

2020-01-06 * "Investing 40% of cash in VBMPX"
  Assets:US:Vanguard:VBMPX                          4.615 VBMPX {104.01 USD, 2020-01-06}
  Assets:US:Vanguard:Cash                         -480.01 USD

2020-01-06 * "Investing 60% of cash in RGAGX"
  Assets:US:Vanguard:RGAGX                          5.141 RGAGX {140.05 USD, 2020-01-06}
  Assets:US:Vanguard:Cash                         -720.00 USD

2020-01-06 * "Investing 40% of cash in VBMPX"
  Assets:US:Vanguard:VBMPX                          2.307 VBMPX {104.01 USD, 2020-01-06}
  Assets:US:Vanguard:Cash                         -239.95 USD

2020-01-06 * "Investing 60% of cash in RGAGX"
  Assets:US:Vanguard:RGAGX                          2.570 RGAGX {140.05 USD, 2020-01-06}
  Assets:US:Vanguard:Cash                         -359.93 USD

2020-01-17 * "Employer match for contribution"
  Assets:US:Vanguard:Cash                          600.00 USD
  Income:US:Hooli:Match401k                       -600.00 USD

2020-01-20 * "Investing 40% of cash in VBMPX"
  Assets:US:Vanguard:VBMPX                          4.565 VBMPX {105.16 USD, 2020-01-20}
  Assets:US:Vanguard:Cash                         -480.06 USD

2020-01-20 * "Investing 60% of cash in RGAGX"
  Assets:US:Vanguard:RGAGX                          5.095 RGAGX {141.33 USD, 2020-01-20}
  Assets:US:Vanguard:Cash                         -720.08 USD

2020-01-20 * "Investing 40% of cash in VBMPX"
  Assets:US:Vanguard:VBMPX                          2.282 VBMPX {105.16 USD, 2020-01-20}
  Assets:US:Vanguard:Cash                         -239.98 USD

2020-01-20 * "Investing 60% of cash in RGAGX"
  Assets:US:Vanguard:RGAGX                          2.547 RGAGX {141.33 USD, 2020-01-20}
  Assets:US:Vanguard:Cash                         -359.97 USD

2020-01-31 * "Employer match for contribution"
  Assets:US:Vanguard:Cash                          600.00 USD
  Income:US:Hooli:Match401k                       -600.00 USD

2020-02-03 * "Investing 40% of cash in VBMPX"
  Assets:US:Vanguard:VBMPX                          4.448 VBMPX {107.90 USD, 2020-02-03}
  Assets:US:Vanguard:Cash                         -479.94 USD

2020-02-03 * "Investing 60% of cash in RGAGX"
  Assets:US:Vanguard:RGAGX                          5.036 RGAGX {142.97 USD, 2020-02-03}
  Assets:US:Vanguard:Cash                         -720.00 USD

2020-02-03 * "Investing 40% of cash in VBMPX"
  Assets:US:Vanguard:VBMPX                          2.224 VBMPX {107.90 USD, 2020-02-03}
  Assets:US:Vanguard:Cash                         -239.97 USD

2020-02-03 * "Investing 60% of cash in RGAGX"
  Assets:US:Vanguard:RGAGX                          2.518 RGAGX {142.97 USD, 2020-02-03}
  Assets:US:Vanguard:Cash                         -360.00 USD

2020-02-14 * "Employer match for contribution"
  Assets:US:Vanguard:Cash                          600.00 USD
  Income:US:Hooli:Match401k                       -600.00 USD

2020-02-17 * "Investing 40% of cash in VBMPX"
  Assets:US:Vanguard:VBMPX                          4.430 VBMPX {108.36 USD, 2020-02-17}
  Assets:US:Vanguard:Cash                         -480.03 USD

2020-02-17 * "Investing 60% of cash in RGAGX"
  Assets:US:Vanguard:RGAGX                          5.074 RGAGX {141.90 USD, 2020-02-17}
  Assets:US:Vanguard:Cash                         -720.00 USD

2020-02-17 * "Investing 40% of cash in VBMPX"
  Assets:US:Vanguard:VBMPX                          2.215 VBMPX {108.36 USD, 2020-02-17}
  Assets:US:Vanguard:Cash                         -240.02 USD

2020-02-17 * "Investing 60% of cash in RGAGX"
  Assets:US:Vanguard:RGAGX                          2.537 RGAGX {141.90 USD, 2020-02-17}
  Assets:US:Vanguard:Cash                         -360.00 USD

2020-02-28 * "Employer match for contribution"
  Assets:US:Vanguard:Cash                          600.00 USD
  Income:US:Hooli:Match401k                       -600.00 USD

2020-03-02 * "Investing 40% of cash in VBMPX"
  Assets:US:Vanguard:VBMPX                          4.575 VBMPX {104.92 USD, 2020-03-02}
  Assets:US:Vanguard:Cash                         -480.01 USD

2020-03-02 * "Investing 60% of cash in RGAGX"
  Assets:US:Vanguard:RGAGX                          5.076 RGAGX {141.85 USD, 2020-03-02}
  Assets:US:Vanguard:Cash                         -720.03 USD

2020-03-02 * "Investing 40% of cash in VBMPX"
  Assets:US:Vanguard:VBMPX                          2.287 VBMPX {104.92 USD, 2020-03-02}
  Assets:US:Vanguard:Cash                         -239.95 USD

2020-03-02 * "Investing 60% of cash in RGAGX"
  Assets:US:Vanguard:RGAGX                          2.538 RGAGX {141.85 USD, 2020-03-02}
  Assets:US:Vanguard:Cash                         -360.02 USD

2020-03-13 * "Employer match for contribution"
  Assets:US:Vanguard:Cash                          600.00 USD
  Income:US:Hooli:Match401k                       -600.00 USD

2020-03-16 * "Investing 40% of cash in VBMPX"
  Assets:US:Vanguard:VBMPX                          4.557 VBMPX {105.33 USD, 2020-03-16}
  Assets:US:Vanguard:Cash                         -479.99 USD

2020-03-16 * "Investing 60% of cash in RGAGX"
  Assets:US:Vanguard:RGAGX                          5.092 RGAGX {141.40 USD, 2020-03-16}
  Assets:US:Vanguard:Cash                         -720.01 USD

2020-03-16 * "Investing 40% of cash in VBMPX"
  Assets:US:Vanguard:VBMPX                          2.279 VBMPX {105.33 USD, 2020-03-16}
  Assets:US:Vanguard:Cash                         -240.05 USD

2020-03-16 * "Investing 60% of cash in RGAGX"
  Assets:US:Vanguard:RGAGX                          2.546 RGAGX {141.40 USD, 2020-03-16}
  Assets:US:Vanguard:Cash                         -360.00 USD

2020-03-27 * "Employer match for contribution"
  Assets:US:Vanguard:Cash                          600.00 USD
  Income:US:Hooli:Match401k                       -600.00 USD

2020-03-30 * "Investing 40% of cash in VBMPX"
  Assets:US:Vanguard:VBMPX                          4.413 VBMPX {108.77 USD, 2020-03-30}
  Assets:US:Vanguard:Cash                         -480.00 USD

2020-03-30 * "Investing 60% of cash in RGAGX"
  Assets:US:Vanguard:RGAGX                          5.114 RGAGX {140.78 USD, 2020-03-30}
  Assets:US:Vanguard:Cash                         -719.95 USD

2020-03-30 * "Investing 40% of cash in VBMPX"
  Assets:US:Vanguard:VBMPX                          2.206 VBMPX {108.77 USD, 2020-03-30}
  Assets:US:Vanguard:Cash                         -239.95 USD

2020-03-30 * "Investing 60% of cash in RGAGX"
  Assets:US:Vanguard:RGAGX                          2.557 RGAGX {140.78 USD, 2020-03-30}
  Assets:US:Vanguard:Cash                         -359.97 USD

2020-04-10 * "Employer match for contribution"
  Assets:US:Vanguard:Cash                          600.00 USD
  Income:US:Hooli:Match401k                       -600.00 USD

2020-04-13 * "Investing 40% of cash in VBMPX"
  Assets:US:Vanguard:VBMPX                          4.471 VBMPX {107.37 USD, 2020-04-13}
  Assets:US:Vanguard:Cash                         -480.05 USD

2020-04-13 * "Investing 60% of cash in RGAGX"
  Assets:US:Vanguard:RGAGX                          5.050 RGAGX {142.57 USD, 2020-04-13}
  Assets:US:Vanguard:Cash                         -719.98 USD

2020-04-13 * "Investing 40% of cash in VBMPX"
  Assets:US:Vanguard:VBMPX                          2.235 VBMPX {107.37 USD, 2020-04-13}
  Assets:US:Vanguard:Cash                         -239.97 USD

2020-04-13 * "Investing 60% of cash in RGAGX"
  Assets:US:Vanguard:RGAGX                          2.525 RGAGX {142.57 USD, 2020-04-13}
  Assets:US:Vanguard:Cash                         -359.99 USD

2020-04-24 * "Employer match for contribution"
  Assets:US:Vanguard:Cash                          600.00 USD
  Income:US:Hooli:Match401k                       -600.00 USD

2020-04-27 * "Investing 40% of cash in VBMPX"
  Assets:US:Vanguard:VBMPX                          4.336 VBMPX {110.71 USD, 2020-04-27}
  Assets:US:Vanguard:Cash                         -480.04 USD

2020-04-27 * "Investing 60% of cash in RGAGX"
  Assets:US:Vanguard:RGAGX                          4.948 RGAGX {145.52 USD, 2020-04-27}
  Assets:US:Vanguard:Cash                         -720.03 USD

2020-04-27 * "Investing 40% of cash in VBMPX"
  Assets:US:Vanguard:VBMPX                          2.168 VBMPX {110.71 USD, 2020-04-27}
  Assets:US:Vanguard:Cash                         -240.02 USD

2020-04-27 * "Investing 60% of cash in RGAGX"
  Assets:US:Vanguard:RGAGX                          2.474 RGAGX {145.52 USD, 2020-04-27}
  Assets:US:Vanguard:Cash                         -360.02 USD

2020-05-08 * "Employer match for contribution"
  Assets:US:Vanguard:Cash                          600.00 USD
  Income:US:Hooli:Match401k                       -600.00 USD

2020-05-11 * "Investing 40% of cash in VBMPX"
  Assets:US:Vanguard:VBMPX                          4.310 VBMPX {111.37 USD, 2020-05-11}
  Assets:US:Vanguard:Cash                         -480.00 USD

2020-05-11 * "Investing 60% of cash in RGAGX"
  Assets:US:Vanguard:RGAGX                          4.911 RGAGX {146.62 USD, 2020-05-11}
  Assets:US:Vanguard:Cash                         -720.05 USD

2020-05-11 * "Investing 40% of cash in VBMPX"
  Assets:US:Vanguard:VBMPX                          2.155 VBMPX {111.37 USD, 2020-05-11}
  Assets:US:Vanguard:Cash                         -240.00 USD

2020-05-11 * "Investing 60% of cash in RGAGX"
  Assets:US:Vanguard:RGAGX                          2.455 RGAGX {146.62 USD, 2020-05-11}
  Assets:US:Vanguard:Cash                         -359.95 USD

2020-05-22 * "Employer match for contribution"
  Assets:US:Vanguard:Cash                          600.00 USD
  Income:US:Hooli:Match401k                       -600.00 USD

2020-05-25 * "Investing 40% of cash in VBMPX"
  Assets:US:Vanguard:VBMPX                          4.191 VBMPX {114.52 USD, 2020-05-25}
  Assets:US:Vanguard:Cash                         -479.95 USD

2020-05-25 * "Investing 60% of cash in RGAGX"
  Assets:US:Vanguard:RGAGX                          4.887 RGAGX {147.34 USD, 2020-05-25}
  Assets:US:Vanguard:Cash                         -720.05 USD

2020-05-25 * "Investing 40% of cash in VBMPX"
  Assets:US:Vanguard:VBMPX                          2.096 VBMPX {114.52 USD, 2020-05-25}
  Assets:US:Vanguard:Cash                         -240.03 USD

2020-05-25 * "Investing 60% of cash in RGAGX"
  Assets:US:Vanguard:RGAGX                          2.443 RGAGX {147.34 USD, 2020-05-25}
  Assets:US:Vanguard:Cash                         -359.95 USD

2020-06-05 * "Employer match for contribution"
  Assets:US:Vanguard:Cash                          600.00 USD
  Income:US:Hooli:Match401k                       -600.00 USD

2020-06-08 * "Investing 40% of cash in VBMPX"
  Assets:US:Vanguard:VBMPX                          4.348 VBMPX {110.40 USD, 2020-06-08}
  Assets:US:Vanguard:Cash                         -480.02 USD

2020-06-08 * "Investing 60% of cash in RGAGX"
  Assets:US:Vanguard:RGAGX                          4.900 RGAGX {146.94 USD, 2020-06-08}
  Assets:US:Vanguard:Cash                         -720.01 USD

2020-06-08 * "Investing 40% of cash in VBMPX"
  Assets:US:Vanguard:VBMPX                          2.174 VBMPX {110.40 USD, 2020-06-08}
  Assets:US:Vanguard:Cash                         -240.01 USD

2020-06-08 * "Investing 60% of cash in RGAGX"
  Assets:US:Vanguard:RGAGX                          2.450 RGAGX {146.94 USD, 2020-06-08}
  Assets:US:Vanguard:Cash                         -360.00 USD

2020-06-19 * "Employer match for contribution"
  Assets:US:Vanguard:Cash                          600.00 USD
  Income:US:Hooli:Match401k                       -600.00 USD

2020-06-22 * "Investing 40% of cash in VBMPX"
  Assets:US:Vanguard:VBMPX                          4.269 VBMPX {112.43 USD, 2020-06-22}
  Assets:US:Vanguard:Cash                         -479.96 USD

2020-06-22 * "Investing 60% of cash in RGAGX"
  Assets:US:Vanguard:RGAGX                          4.935 RGAGX {145.90 USD, 2020-06-22}
  Assets:US:Vanguard:Cash                         -720.02 USD

2020-06-22 * "Investing 40% of cash in VBMPX"
  Assets:US:Vanguard:VBMPX                          2.135 VBMPX {112.43 USD, 2020-06-22}
  Assets:US:Vanguard:Cash                         -240.04 USD

2020-06-22 * "Investing 60% of cash in RGAGX"
  Assets:US:Vanguard:RGAGX                          2.467 RGAGX {145.90 USD, 2020-06-22}
  Assets:US:Vanguard:Cash                         -359.94 USD

2020-07-03 * "Employer match for contribution"
  Assets:US:Vanguard:Cash                          600.00 USD
  Income:US:Hooli:Match401k                       -600.00 USD

2020-07-06 * "Investing 40% of cash in VBMPX"
  Assets:US:Vanguard:VBMPX                          4.128 VBMPX {116.27 USD, 2020-07-06}
  Assets:US:Vanguard:Cash                         -479.96 USD

2020-07-06 * "Investing 60% of cash in RGAGX"
  Assets:US:Vanguard:RGAGX                          4.927 RGAGX {146.13 USD, 2020-07-06}
  Assets:US:Vanguard:Cash                         -719.98 USD

2020-07-06 * "Investing 40% of cash in VBMPX"
  Assets:US:Vanguard:VBMPX                          2.064 VBMPX {116.27 USD, 2020-07-06}
  Assets:US:Vanguard:Cash                         -239.98 USD

2020-07-06 * "Investing 60% of cash in RGAGX"
  Assets:US:Vanguard:RGAGX                          2.464 RGAGX {146.13 USD, 2020-07-06}
  Assets:US:Vanguard:Cash                         -360.06 USD

2020-07-17 * "Employer match for contribution"
  Assets:US:Vanguard:Cash                          600.00 USD
  Income:US:Hooli:Match401k                       -600.00 USD

2020-07-20 * "Investing 40% of cash in VBMPX"
  Assets:US:Vanguard:VBMPX                          4.012 VBMPX {119.63 USD, 2020-07-20}
  Assets:US:Vanguard:Cash                         -479.96 USD

2020-07-20 * "Investing 60% of cash in RGAGX"
  Assets:US:Vanguard:RGAGX                          4.893 RGAGX {147.15 USD, 2020-07-20}
  Assets:US:Vanguard:Cash                         -720.00 USD

2020-07-20 * "Investing 40% of cash in VBMPX"
  Assets:US:Vanguard:VBMPX                          2.006 VBMPX {119.63 USD, 2020-07-20}
  Assets:US:Vanguard:Cash                         -239.98 USD

2020-07-20 * "Investing 60% of cash in RGAGX"
  Assets:US:Vanguard:RGAGX                          2.447 RGAGX {147.15 USD, 2020-07-20}
  Assets:US:Vanguard:Cash                         -360.08 USD

2020-07-31 * "Employer match for contribution"
  Assets:US:Vanguard:Cash                          250.00 USD
  Income:US:Hooli:Match401k                       -250.00 USD

2020-08-03 * "Investing 40% of cash in VBMPX"
  Assets:US:Vanguard:VBMPX                          1.605 VBMPX {124.64 USD, 2020-08-03}
  Assets:US:Vanguard:Cash                         -200.05 USD

2020-08-03 * "Investing 60% of cash in RGAGX"
  Assets:US:Vanguard:RGAGX                          2.025 RGAGX {148.15 USD, 2020-08-03}
  Assets:US:Vanguard:Cash                         -300.00 USD

2020-08-03 * "Investing 40% of cash in VBMPX"
  Assets:US:Vanguard:VBMPX                          0.802 VBMPX {124.64 USD, 2020-08-03}
  Assets:US:Vanguard:Cash                          -99.96 USD

2020-08-03 * "Investing 60% of cash in RGAGX"
  Assets:US:Vanguard:RGAGX                          1.012 RGAGX {148.15 USD, 2020-08-03}
  Assets:US:Vanguard:Cash                         -149.93 USD

2021-01-15 * "Employer match for contribution"
  Assets:US:Vanguard:Cash                          600.00 USD
  Income:US:Hooli:Match401k                       -600.00 USD

2021-01-18 * "Investing 40% of cash in VBMPX"
  Assets:US:Vanguard:VBMPX                          3.474 VBMPX {138.17 USD, 2021-01-18}
  Assets:US:Vanguard:Cash                         -480.00 USD

2021-01-18 * "Investing 60% of cash in RGAGX"
  Assets:US:Vanguard:RGAGX                          4.841 RGAGX {148.73 USD, 2021-01-18}
  Assets:US:Vanguard:Cash                         -720.00 USD

2021-01-18 * "Investing 40% of cash in VBMPX"
  Assets:US:Vanguard:VBMPX                          1.737 VBMPX {138.17 USD, 2021-01-18}
  Assets:US:Vanguard:Cash                         -240.00 USD

2021-01-18 * "Investing 60% of cash in RGAGX"
  Assets:US:Vanguard:RGAGX                          2.421 RGAGX {148.73 USD, 2021-01-18}
  Assets:US:Vanguard:Cash                         -360.08 USD

2021-01-29 * "Employer match for contribution"
  Assets:US:Vanguard:Cash                          600.00 USD
  Income:US:Hooli:Match401k                       -600.00 USD

2021-02-01 * "Investing 40% of cash in VBMPX"
  Assets:US:Vanguard:VBMPX                          3.588 VBMPX {133.79 USD, 2021-02-01}
  Assets:US:Vanguard:Cash                         -480.04 USD

2021-02-01 * "Investing 60% of cash in RGAGX"
  Assets:US:Vanguard:RGAGX                          4.773 RGAGX {150.86 USD, 2021-02-01}
  Assets:US:Vanguard:Cash                         -720.05 USD

2021-02-01 * "Investing 40% of cash in VBMPX"
  Assets:US:Vanguard:VBMPX                          1.794 VBMPX {133.79 USD, 2021-02-01}
  Assets:US:Vanguard:Cash                         -240.02 USD

2021-02-01 * "Investing 60% of cash in RGAGX"
  Assets:US:Vanguard:RGAGX                          2.386 RGAGX {150.86 USD, 2021-02-01}
  Assets:US:Vanguard:Cash                         -359.95 USD

2021-02-12 * "Employer match for contribution"
  Assets:US:Vanguard:Cash                          600.00 USD
  Income:US:Hooli:Match401k                       -600.00 USD

2021-02-15 * "Investing 40% of cash in VBMPX"
  Assets:US:Vanguard:VBMPX                          3.528 VBMPX {136.03 USD, 2021-02-15}
  Assets:US:Vanguard:Cash                         -479.91 USD

2021-02-15 * "Investing 60% of cash in RGAGX"
  Assets:US:Vanguard:RGAGX                          4.790 RGAGX {150.31 USD, 2021-02-15}
  Assets:US:Vanguard:Cash                         -719.98 USD

2021-02-15 * "Investing 40% of cash in VBMPX"
  Assets:US:Vanguard:VBMPX                          1.764 VBMPX {136.03 USD, 2021-02-15}
  Assets:US:Vanguard:Cash                         -239.96 USD

2021-02-15 * "Investing 60% of cash in RGAGX"
  Assets:US:Vanguard:RGAGX                          2.395 RGAGX {150.31 USD, 2021-02-15}
  Assets:US:Vanguard:Cash                         -359.99 USD

2021-02-26 * "Employer match for contribution"
  Assets:US:Vanguard:Cash                          600.00 USD
  Income:US:Hooli:Match401k                       -600.00 USD

2021-03-01 * "Investing 40% of cash in VBMPX"
  Assets:US:Vanguard:VBMPX                          3.399 VBMPX {141.21 USD, 2021-03-01}
  Assets:US:Vanguard:Cash                         -479.97 USD

2021-03-01 * "Investing 60% of cash in RGAGX"
  Assets:US:Vanguard:RGAGX                          4.722 RGAGX {152.50 USD, 2021-03-01}
  Assets:US:Vanguard:Cash                         -720.10 USD

2021-03-01 * "Investing 40% of cash in VBMPX"
  Assets:US:Vanguard:VBMPX                          1.700 VBMPX {141.21 USD, 2021-03-01}
  Assets:US:Vanguard:Cash                         -240.06 USD

2021-03-01 * "Investing 60% of cash in RGAGX"
  Assets:US:Vanguard:RGAGX                          2.361 RGAGX {152.50 USD, 2021-03-01}
  Assets:US:Vanguard:Cash                         -360.05 USD

2021-03-12 * "Employer match for contribution"
  Assets:US:Vanguard:Cash                          600.00 USD
  Income:US:Hooli:Match401k                       -600.00 USD

2021-03-15 * "Investing 40% of cash in VBMPX"
  Assets:US:Vanguard:VBMPX                          3.420 VBMPX {140.35 USD, 2021-03-15}
  Assets:US:Vanguard:Cash                         -480.00 USD

2021-03-15 * "Investing 60% of cash in RGAGX"
  Assets:US:Vanguard:RGAGX                          4.677 RGAGX {153.92 USD, 2021-03-15}
  Assets:US:Vanguard:Cash                         -719.88 USD

2021-03-15 * "Investing 40% of cash in VBMPX"
  Assets:US:Vanguard:VBMPX                          1.710 VBMPX {140.35 USD, 2021-03-15}
  Assets:US:Vanguard:Cash                         -240.00 USD

2021-03-15 * "Investing 60% of cash in RGAGX"
  Assets:US:Vanguard:RGAGX                          2.339 RGAGX {153.92 USD, 2021-03-15}
  Assets:US:Vanguard:Cash                         -360.02 USD

2021-03-26 * "Employer match for contribution"
  Assets:US:Vanguard:Cash                          600.00 USD
  Income:US:Hooli:Match401k                       -600.00 USD

2021-03-29 * "Investing 40% of cash in VBMPX"
  Assets:US:Vanguard:VBMPX                          3.447 VBMPX {139.27 USD, 2021-03-29}
  Assets:US:Vanguard:Cash                         -480.06 USD

2021-03-29 * "Investing 60% of cash in RGAGX"
  Assets:US:Vanguard:RGAGX                          4.665 RGAGX {154.35 USD, 2021-03-29}
  Assets:US:Vanguard:Cash                         -720.04 USD

2021-03-29 * "Investing 40% of cash in VBMPX"
  Assets:US:Vanguard:VBMPX                          1.723 VBMPX {139.27 USD, 2021-03-29}
  Assets:US:Vanguard:Cash                         -239.96 USD

2021-03-29 * "Investing 60% of cash in RGAGX"
  Assets:US:Vanguard:RGAGX                          2.332 RGAGX {154.35 USD, 2021-03-29}
  Assets:US:Vanguard:Cash                         -359.94 USD

2021-04-09 * "Employer match for contribution"
  Assets:US:Vanguard:Cash                          600.00 USD
  Income:US:Hooli:Match401k                       -600.00 USD

2021-04-12 * "Investing 40% of cash in VBMPX"
  Assets:US:Vanguard:VBMPX                          3.454 VBMPX {138.95 USD, 2021-04-12}
  Assets:US:Vanguard:Cash                         -479.93 USD

2021-04-12 * "Investing 60% of cash in RGAGX"
  Assets:US:Vanguard:RGAGX                          4.669 RGAGX {154.20 USD, 2021-04-12}
  Assets:US:Vanguard:Cash                         -719.96 USD

2021-04-12 * "Investing 40% of cash in VBMPX"
  Assets:US:Vanguard:VBMPX                          1.728 VBMPX {138.95 USD, 2021-04-12}
  Assets:US:Vanguard:Cash                         -240.11 USD

2021-04-12 * "Investing 60% of cash in RGAGX"
  Assets:US:Vanguard:RGAGX                          2.335 RGAGX {154.20 USD, 2021-04-12}
  Assets:US:Vanguard:Cash                         -360.06 USD

2021-04-23 * "Employer match for contribution"
  Assets:US:Vanguard:Cash                          600.00 USD
  Income:US:Hooli:Match401k                       -600.00 USD

2021-04-26 * "Investing 40% of cash in VBMPX"
  Assets:US:Vanguard:VBMPX                          3.414 VBMPX {140.59 USD, 2021-04-26}
  Assets:US:Vanguard:Cash                         -479.97 USD

2021-04-26 * "Investing 60% of cash in RGAGX"
  Assets:US:Vanguard:RGAGX                          4.669 RGAGX {154.19 USD, 2021-04-26}
  Assets:US:Vanguard:Cash                         -719.91 USD

2021-04-26 * "Investing 40% of cash in VBMPX"
  Assets:US:Vanguard:VBMPX                          1.707 VBMPX {140.59 USD, 2021-04-26}
  Assets:US:Vanguard:Cash                         -239.99 USD

2021-04-26 * "Investing 60% of cash in RGAGX"
  Assets:US:Vanguard:RGAGX                          2.335 RGAGX {154.19 USD, 2021-04-26}
  Assets:US:Vanguard:Cash                         -360.03 USD

2021-05-07 * "Employer match for contribution"
  Assets:US:Vanguard:Cash                          600.00 USD
  Income:US:Hooli:Match401k                       -600.00 USD

2021-05-10 * "Investing 40% of cash in VBMPX"
  Assets:US:Vanguard:VBMPX                          3.450 VBMPX {139.13 USD, 2021-05-10}
  Assets:US:Vanguard:Cash                         -480.00 USD

2021-05-10 * "Investing 60% of cash in RGAGX"
  Assets:US:Vanguard:RGAGX                          4.738 RGAGX {151.98 USD, 2021-05-10}
  Assets:US:Vanguard:Cash                         -720.08 USD

2021-05-10 * "Investing 40% of cash in VBMPX"
  Assets:US:Vanguard:VBMPX                          1.725 VBMPX {139.13 USD, 2021-05-10}
  Assets:US:Vanguard:Cash                         -240.00 USD

2021-05-10 * "Investing 60% of cash in RGAGX"
  Assets:US:Vanguard:RGAGX                          2.369 RGAGX {151.98 USD, 2021-05-10}
  Assets:US:Vanguard:Cash                         -360.04 USD

2021-05-21 * "Employer match for contribution"
  Assets:US:Vanguard:Cash                          600.00 USD
  Income:US:Hooli:Match401k                       -600.00 USD

2021-05-24 * "Investing 40% of cash in VBMPX"
  Assets:US:Vanguard:VBMPX                          3.360 VBMPX {142.86 USD, 2021-05-24}
  Assets:US:Vanguard:Cash                         -480.01 USD

2021-05-24 * "Investing 60% of cash in RGAGX"
  Assets:US:Vanguard:RGAGX                          4.659 RGAGX {154.54 USD, 2021-05-24}
  Assets:US:Vanguard:Cash                         -720.00 USD

2021-05-24 * "Investing 40% of cash in VBMPX"
  Assets:US:Vanguard:VBMPX                          1.680 VBMPX {142.86 USD, 2021-05-24}
  Assets:US:Vanguard:Cash                         -240.00 USD

2021-05-24 * "Investing 60% of cash in RGAGX"
  Assets:US:Vanguard:RGAGX                          2.329 RGAGX {154.54 USD, 2021-05-24}
  Assets:US:Vanguard:Cash                         -359.92 USD

2021-06-04 * "Employer match for contribution"
  Assets:US:Vanguard:Cash                          600.00 USD
  Income:US:Hooli:Match401k                       -600.00 USD

2021-06-07 * "Investing 40% of cash in VBMPX"
  Assets:US:Vanguard:VBMPX                          3.320 VBMPX {144.56 USD, 2021-06-07}
  Assets:US:Vanguard:Cash                         -479.94 USD

2021-06-07 * "Investing 60% of cash in RGAGX"
  Assets:US:Vanguard:RGAGX                          4.671 RGAGX {154.14 USD, 2021-06-07}
  Assets:US:Vanguard:Cash                         -719.99 USD

2021-06-07 * "Investing 40% of cash in VBMPX"
  Assets:US:Vanguard:VBMPX                          1.660 VBMPX {144.56 USD, 2021-06-07}
  Assets:US:Vanguard:Cash                         -239.97 USD

2021-06-07 * "Investing 60% of cash in RGAGX"
  Assets:US:Vanguard:RGAGX                          2.336 RGAGX {154.14 USD, 2021-06-07}
  Assets:US:Vanguard:Cash                         -360.07 USD

2021-06-18 * "Employer match for contribution"
  Assets:US:Vanguard:Cash                          600.00 USD
  Income:US:Hooli:Match401k                       -600.00 USD

2021-06-21 * "Investing 40% of cash in VBMPX"
  Assets:US:Vanguard:VBMPX                          3.290 VBMPX {145.88 USD, 2021-06-21}
  Assets:US:Vanguard:Cash                         -479.95 USD

2021-06-21 * "Investing 60% of cash in RGAGX"
  Assets:US:Vanguard:RGAGX                          4.649 RGAGX {154.87 USD, 2021-06-21}
  Assets:US:Vanguard:Cash                         -719.99 USD

2021-06-21 * "Investing 40% of cash in VBMPX"
  Assets:US:Vanguard:VBMPX                          1.645 VBMPX {145.88 USD, 2021-06-21}
  Assets:US:Vanguard:Cash                         -239.97 USD

2021-06-21 * "Investing 60% of cash in RGAGX"
  Assets:US:Vanguard:RGAGX                          2.325 RGAGX {154.87 USD, 2021-06-21}
  Assets:US:Vanguard:Cash                         -360.07 USD

2021-07-02 * "Employer match for contribution"
  Assets:US:Vanguard:Cash                          600.00 USD
  Income:US:Hooli:Match401k                       -600.00 USD

2021-07-05 * "Investing 40% of cash in VBMPX"
  Assets:US:Vanguard:VBMPX                          3.289 VBMPX {145.94 USD, 2021-07-05}
  Assets:US:Vanguard:Cash                         -480.00 USD

2021-07-05 * "Investing 60% of cash in RGAGX"
  Assets:US:Vanguard:RGAGX                          4.488 RGAGX {160.44 USD, 2021-07-05}
  Assets:US:Vanguard:Cash                         -720.05 USD

2021-07-05 * "Investing 40% of cash in VBMPX"
  Assets:US:Vanguard:VBMPX                          1.644 VBMPX {145.94 USD, 2021-07-05}
  Assets:US:Vanguard:Cash                         -239.93 USD

2021-07-05 * "Investing 60% of cash in RGAGX"
  Assets:US:Vanguard:RGAGX                          2.244 RGAGX {160.44 USD, 2021-07-05}
  Assets:US:Vanguard:Cash                         -360.03 USD

2021-07-16 * "Employer match for contribution"
  Assets:US:Vanguard:Cash                          600.00 USD
  Income:US:Hooli:Match401k                       -600.00 USD

2021-07-19 * "Investing 40% of cash in VBMPX"
  Assets:US:Vanguard:VBMPX                          3.156 VBMPX {152.09 USD, 2021-07-19}
  Assets:US:Vanguard:Cash                         -480.00 USD

2021-07-19 * "Investing 60% of cash in RGAGX"
  Assets:US:Vanguard:RGAGX                          4.506 RGAGX {159.80 USD, 2021-07-19}
  Assets:US:Vanguard:Cash                         -720.06 USD

2021-07-19 * "Investing 40% of cash in VBMPX"
  Assets:US:Vanguard:VBMPX                          1.578 VBMPX {152.09 USD, 2021-07-19}
  Assets:US:Vanguard:Cash                         -240.00 USD

2021-07-19 * "Investing 60% of cash in RGAGX"
  Assets:US:Vanguard:RGAGX                          2.253 RGAGX {159.80 USD, 2021-07-19}
  Assets:US:Vanguard:Cash                         -360.03 USD

2021-07-30 * "Employer match for contribution"
  Assets:US:Vanguard:Cash                          600.00 USD
  Income:US:Hooli:Match401k                       -600.00 USD

2021-08-02 * "Investing 40% of cash in VBMPX"
  Assets:US:Vanguard:VBMPX                          3.174 VBMPX {151.21 USD, 2021-08-02}
  Assets:US:Vanguard:Cash                         -479.94 USD

2021-08-02 * "Investing 60% of cash in RGAGX"
  Assets:US:Vanguard:RGAGX                          4.444 RGAGX {161.99 USD, 2021-08-02}
  Assets:US:Vanguard:Cash                         -719.88 USD

2021-08-02 * "Investing 40% of cash in VBMPX"
  Assets:US:Vanguard:VBMPX                          1.588 VBMPX {151.21 USD, 2021-08-02}
  Assets:US:Vanguard:Cash                         -240.12 USD

2021-08-02 * "Investing 60% of cash in RGAGX"
  Assets:US:Vanguard:RGAGX                          2.223 RGAGX {161.99 USD, 2021-08-02}
  Assets:US:Vanguard:Cash                         -360.10 USD

2021-08-13 * "Employer match for contribution"
  Assets:US:Vanguard:Cash                          250.00 USD
  Income:US:Hooli:Match401k                       -250.00 USD

2021-08-16 * "Investing 40% of cash in VBMPX"
  Assets:US:Vanguard:VBMPX                          1.297 VBMPX {154.23 USD, 2021-08-16}
  Assets:US:Vanguard:Cash                         -200.04 USD

2021-08-16 * "Investing 60% of cash in RGAGX"
  Assets:US:Vanguard:RGAGX                          1.822 RGAGX {164.61 USD, 2021-08-16}
  Assets:US:Vanguard:Cash                         -299.92 USD

2021-08-16 * "Investing 40% of cash in VBMPX"
  Assets:US:Vanguard:VBMPX                          0.648 VBMPX {154.23 USD, 2021-08-16}
  Assets:US:Vanguard:Cash                          -99.94 USD

2021-08-16 * "Investing 60% of cash in RGAGX"
  Assets:US:Vanguard:RGAGX                          0.911 RGAGX {164.61 USD, 2021-08-16}
  Assets:US:Vanguard:Cash                         -149.96 USD



* Sources of Income

2019-01-01 open Income:US:Hooli:Salary                      USD
2019-01-01 open Income:US:Hooli:GroupTermLife               USD
2019-01-01 open Income:US:Hooli:Vacation                    VACHR
2019-01-01 open Assets:US:Hooli:Vacation                    VACHR
2019-01-01 open Expenses:Vacation                               VACHR
2019-01-01 open Expenses:Health:Life:GroupTermLife
2019-01-01 open Expenses:Health:Medical:Insurance
2019-01-01 open Expenses:Health:Dental:Insurance
2019-01-01 open Expenses:Health:Vision:Insurance

2019-01-01 event "employer" "Hooli, 1 Carloston Rd, Mountain Beer, CA"

2019-01-03 * "Hooli" "Payroll"
  Assets:US:BofA:Checking                         1350.60 USD
  Assets:US:Vanguard:Cash                         1200.00 USD
  Income:US:Hooli:Salary                         -4615.38 USD
  Income:US:Hooli:GroupTermLife                    -24.32 USD
  Expenses:Health:Life:GroupTermLife                24.32 USD
  Expenses:Health:Dental:Insurance                   2.90 USD
  Expenses:Health:Medical:Insurance                 27.38 USD
  Expenses:Health:Vision:Insurance                  42.30 USD
  Expenses:Taxes:Y2019:US:Medicare                 106.62 USD
  Expenses:Taxes:Y2019:US:Federal                 1062.92 USD
  Expenses:Taxes:Y2019:US:State                    365.08 USD
  Expenses:Taxes:Y2019:US:CityNYC                  174.92 USD
  Expenses:Taxes:Y2019:US:SDI                        1.12 USD
  Expenses:Taxes:Y2019:US:SocSec                   281.54 USD
  Assets:US:Federal:PreTax401k                   -1200.00 IRAUSD
  Expenses:Taxes:Y2019:US:Federal:PreTax401k      1200.00 IRAUSD
  Assets:US:Hooli:Vacation                              5 VACHR
  Income:US:Hooli:Vacation                             -5 VACHR

2019-01-17 * "Hooli" "Payroll"
  Assets:US:BofA:Checking                         1350.60 USD
  Assets:US:Vanguard:Cash                         1200.00 USD
  Income:US:Hooli:Salary                         -4615.38 USD
  Income:US:Hooli:GroupTermLife                    -24.32 USD
  Expenses:Health:Life:GroupTermLife                24.32 USD
  Expenses:Health:Dental:Insurance                   2.90 USD
  Expenses:Health:Medical:Insurance                 27.38 USD
  Expenses:Health:Vision:Insurance                  42.30 USD
  Expenses:Taxes:Y2019:US:Medicare                 106.62 USD
  Expenses:Taxes:Y2019:US:Federal                 1062.92 USD
  Expenses:Taxes:Y2019:US:State                    365.08 USD
  Expenses:Taxes:Y2019:US:CityNYC                  174.92 USD
  Expenses:Taxes:Y2019:US:SDI                        1.12 USD
  Expenses:Taxes:Y2019:US:SocSec                   281.54 USD
  Assets:US:Federal:PreTax401k                   -1200.00 IRAUSD
  Expenses:Taxes:Y2019:US:Federal:PreTax401k      1200.00 IRAUSD
  Assets:US:Hooli:Vacation                              5 VACHR
  Income:US:Hooli:Vacation                             -5 VACHR

2019-01-31 * "Hooli" "Payroll"
  Assets:US:BofA:Checking                         1350.60 USD
  Assets:US:Vanguard:Cash                         1200.00 USD
  Income:US:Hooli:Salary                         -4615.38 USD
  Income:US:Hooli:GroupTermLife                    -24.32 USD
  Expenses:Health:Life:GroupTermLife                24.32 USD
  Expenses:Health:Dental:Insurance                   2.90 USD
  Expenses:Health:Medical:Insurance                 27.38 USD
  Expenses:Health:Vision:Insurance                  42.30 USD
  Expenses:Taxes:Y2019:US:Medicare                 106.62 USD
  Expenses:Taxes:Y2019:US:Federal                 1062.92 USD
  Expenses:Taxes:Y2019:US:State                    365.08 USD
  Expenses:Taxes:Y2019:US:CityNYC                  174.92 USD
  Expenses:Taxes:Y2019:US:SDI                        1.12 USD
  Expenses:Taxes:Y2019:US:SocSec                   281.54 USD
  Assets:US:Federal:PreTax401k                   -1200.00 IRAUSD
  Expenses:Taxes:Y2019:US:Federal:PreTax401k      1200.00 IRAUSD
  Assets:US:Hooli:Vacation                              5 VACHR
  Income:US:Hooli:Vacation                             -5 VACHR

2019-02-14 * "Hooli" "Payroll"
  Assets:US:BofA:Checking                         1350.60 USD
  Assets:US:Vanguard:Cash                         1200.00 USD
  Income:US:Hooli:Salary                         -4615.38 USD
  Income:US:Hooli:GroupTermLife                    -24.32 USD
  Expenses:Health:Life:GroupTermLife                24.32 USD
  Expenses:Health:Dental:Insurance                   2.90 USD
  Expenses:Health:Medical:Insurance                 27.38 USD
  Expenses:Health:Vision:Insurance                  42.30 USD
  Expenses:Taxes:Y2019:US:Medicare                 106.62 USD
  Expenses:Taxes:Y2019:US:Federal                 1062.92 USD
  Expenses:Taxes:Y2019:US:State                    365.08 USD
  Expenses:Taxes:Y2019:US:CityNYC                  174.92 USD
  Expenses:Taxes:Y2019:US:SDI                        1.12 USD
  Expenses:Taxes:Y2019:US:SocSec                   281.54 USD
  Assets:US:Federal:PreTax401k                   -1200.00 IRAUSD
  Expenses:Taxes:Y2019:US:Federal:PreTax401k      1200.00 IRAUSD
  Assets:US:Hooli:Vacation                              5 VACHR
  Income:US:Hooli:Vacation                             -5 VACHR

2019-02-28 * "Hooli" "Payroll"
  Assets:US:BofA:Checking                         1350.60 USD
  Assets:US:Vanguard:Cash                         1200.00 USD
  Income:US:Hooli:Salary                         -4615.38 USD
  Income:US:Hooli:GroupTermLife                    -24.32 USD
  Expenses:Health:Life:GroupTermLife                24.32 USD
  Expenses:Health:Dental:Insurance                   2.90 USD
  Expenses:Health:Medical:Insurance                 27.38 USD
  Expenses:Health:Vision:Insurance                  42.30 USD
  Expenses:Taxes:Y2019:US:Medicare                 106.62 USD
  Expenses:Taxes:Y2019:US:Federal                 1062.92 USD
  Expenses:Taxes:Y2019:US:State                    365.08 USD
  Expenses:Taxes:Y2019:US:CityNYC                  174.92 USD
  Expenses:Taxes:Y2019:US:SDI                        1.12 USD
  Expenses:Taxes:Y2019:US:SocSec                   281.54 USD
  Assets:US:Federal:PreTax401k                   -1200.00 IRAUSD
  Expenses:Taxes:Y2019:US:Federal:PreTax401k      1200.00 IRAUSD
  Assets:US:Hooli:Vacation                              5 VACHR
  Income:US:Hooli:Vacation                             -5 VACHR

2019-03-14 * "Hooli" "Payroll"
  Assets:US:BofA:Checking                         1350.60 USD
  Assets:US:Vanguard:Cash                         1200.00 USD
  Income:US:Hooli:Salary                         -4615.38 USD
  Income:US:Hooli:GroupTermLife                    -24.32 USD
  Expenses:Health:Life:GroupTermLife                24.32 USD
  Expenses:Health:Dental:Insurance                   2.90 USD
  Expenses:Health:Medical:Insurance                 27.38 USD
  Expenses:Health:Vision:Insurance                  42.30 USD
  Expenses:Taxes:Y2019:US:Medicare                 106.62 USD
  Expenses:Taxes:Y2019:US:Federal                 1062.92 USD
  Expenses:Taxes:Y2019:US:State                    365.08 USD
  Expenses:Taxes:Y2019:US:CityNYC                  174.92 USD
  Expenses:Taxes:Y2019:US:SDI                        1.12 USD
  Expenses:Taxes:Y2019:US:SocSec                   281.54 USD
  Assets:US:Federal:PreTax401k                   -1200.00 IRAUSD
  Expenses:Taxes:Y2019:US:Federal:PreTax401k      1200.00 IRAUSD
  Assets:US:Hooli:Vacation                              5 VACHR
  Income:US:Hooli:Vacation                             -5 VACHR

2019-03-28 * "Hooli" "Payroll"
  Assets:US:BofA:Checking                         1350.60 USD
  Assets:US:Vanguard:Cash                         1200.00 USD
  Income:US:Hooli:Salary                         -4615.38 USD
  Income:US:Hooli:GroupTermLife                    -24.32 USD
  Expenses:Health:Life:GroupTermLife                24.32 USD
  Expenses:Health:Dental:Insurance                   2.90 USD
  Expenses:Health:Medical:Insurance                 27.38 USD
  Expenses:Health:Vision:Insurance                  42.30 USD
  Expenses:Taxes:Y2019:US:Medicare                 106.62 USD
  Expenses:Taxes:Y2019:US:Federal                 1062.92 USD
  Expenses:Taxes:Y2019:US:State                    365.08 USD
  Expenses:Taxes:Y2019:US:CityNYC                  174.92 USD
  Expenses:Taxes:Y2019:US:SDI                        1.12 USD
  Expenses:Taxes:Y2019:US:SocSec                   281.54 USD
  Assets:US:Federal:PreTax401k                   -1200.00 IRAUSD
  Expenses:Taxes:Y2019:US:Federal:PreTax401k      1200.00 IRAUSD
  Assets:US:Hooli:Vacation                              5 VACHR
  Income:US:Hooli:Vacation                             -5 VACHR

2019-04-11 * "Hooli" "Payroll"
  Assets:US:BofA:Checking                         1350.60 USD
  Assets:US:Vanguard:Cash                         1200.00 USD
  Income:US:Hooli:Salary                         -4615.38 USD
  Income:US:Hooli:GroupTermLife                    -24.32 USD
  Expenses:Health:Life:GroupTermLife                24.32 USD
  Expenses:Health:Dental:Insurance                   2.90 USD
  Expenses:Health:Medical:Insurance                 27.38 USD
  Expenses:Health:Vision:Insurance                  42.30 USD
  Expenses:Taxes:Y2019:US:Medicare                 106.62 USD
  Expenses:Taxes:Y2019:US:Federal                 1062.92 USD
  Expenses:Taxes:Y2019:US:State                    365.08 USD
  Expenses:Taxes:Y2019:US:CityNYC                  174.92 USD
  Expenses:Taxes:Y2019:US:SDI                        1.12 USD
  Expenses:Taxes:Y2019:US:SocSec                   281.54 USD
  Assets:US:Federal:PreTax401k                   -1200.00 IRAUSD
  Expenses:Taxes:Y2019:US:Federal:PreTax401k      1200.00 IRAUSD
  Assets:US:Hooli:Vacation                              5 VACHR
  Income:US:Hooli:Vacation                             -5 VACHR

2019-04-25 * "Hooli" "Payroll"
  Assets:US:BofA:Checking                         1350.60 USD
  Assets:US:Vanguard:Cash                         1200.00 USD
  Income:US:Hooli:Salary                         -4615.38 USD
  Income:US:Hooli:GroupTermLife                    -24.32 USD
  Expenses:Health:Life:GroupTermLife                24.32 USD
  Expenses:Health:Dental:Insurance                   2.90 USD
  Expenses:Health:Medical:Insurance                 27.38 USD
  Expenses:Health:Vision:Insurance                  42.30 USD
  Expenses:Taxes:Y2019:US:Medicare                 106.62 USD
  Expenses:Taxes:Y2019:US:Federal                 1062.92 USD
  Expenses:Taxes:Y2019:US:State                    365.08 USD
  Expenses:Taxes:Y2019:US:CityNYC                  174.92 USD
  Expenses:Taxes:Y2019:US:SDI                        1.12 USD
  Expenses:Taxes:Y2019:US:SocSec                   281.54 USD
  Assets:US:Federal:PreTax401k                   -1200.00 IRAUSD
  Expenses:Taxes:Y2019:US:Federal:PreTax401k      1200.00 IRAUSD
  Assets:US:Hooli:Vacation                              5 VACHR
  Income:US:Hooli:Vacation                             -5 VACHR

2019-05-09 * "Hooli" "Payroll"
  Assets:US:BofA:Checking                         1350.60 USD
  Assets:US:Vanguard:Cash                         1200.00 USD
  Income:US:Hooli:Salary                         -4615.38 USD
  Income:US:Hooli:GroupTermLife                    -24.32 USD
  Expenses:Health:Life:GroupTermLife                24.32 USD
  Expenses:Health:Dental:Insurance                   2.90 USD
  Expenses:Health:Medical:Insurance                 27.38 USD
  Expenses:Health:Vision:Insurance                  42.30 USD
  Expenses:Taxes:Y2019:US:Medicare                 106.62 USD
  Expenses:Taxes:Y2019:US:Federal                 1062.92 USD
  Expenses:Taxes:Y2019:US:State                    365.08 USD
  Expenses:Taxes:Y2019:US:CityNYC                  174.92 USD
  Expenses:Taxes:Y2019:US:SDI                        1.12 USD
  Expenses:Taxes:Y2019:US:SocSec                   281.54 USD
  Assets:US:Federal:PreTax401k                   -1200.00 IRAUSD
  Expenses:Taxes:Y2019:US:Federal:PreTax401k      1200.00 IRAUSD
  Assets:US:Hooli:Vacation                              5 VACHR
  Income:US:Hooli:Vacation                             -5 VACHR

2019-05-23 * "Hooli" "Payroll"
  Assets:US:BofA:Checking                         1350.60 USD
  Assets:US:Vanguard:Cash                         1200.00 USD
  Income:US:Hooli:Salary                         -4615.38 USD
  Income:US:Hooli:GroupTermLife                    -24.32 USD
  Expenses:Health:Life:GroupTermLife                24.32 USD
  Expenses:Health:Dental:Insurance                   2.90 USD
  Expenses:Health:Medical:Insurance                 27.38 USD
  Expenses:Health:Vision:Insurance                  42.30 USD
  Expenses:Taxes:Y2019:US:Medicare                 106.62 USD
  Expenses:Taxes:Y2019:US:Federal                 1062.92 USD
  Expenses:Taxes:Y2019:US:State                    365.08 USD
  Expenses:Taxes:Y2019:US:CityNYC                  174.92 USD
  Expenses:Taxes:Y2019:US:SDI                        1.12 USD
  Expenses:Taxes:Y2019:US:SocSec                   281.54 USD
  Assets:US:Federal:PreTax401k                   -1200.00 IRAUSD
  Expenses:Taxes:Y2019:US:Federal:PreTax401k      1200.00 IRAUSD
  Assets:US:Hooli:Vacation                              5 VACHR
  Income:US:Hooli:Vacation                             -5 VACHR

2019-06-06 * "Hooli" "Payroll"
  Assets:US:BofA:Checking                         1350.60 USD
  Assets:US:Vanguard:Cash                         1200.00 USD
  Income:US:Hooli:Salary                         -4615.38 USD
  Income:US:Hooli:GroupTermLife                    -24.32 USD
  Expenses:Health:Life:GroupTermLife                24.32 USD
  Expenses:Health:Dental:Insurance                   2.90 USD
  Expenses:Health:Medical:Insurance                 27.38 USD
  Expenses:Health:Vision:Insurance                  42.30 USD
  Expenses:Taxes:Y2019:US:Medicare                 106.62 USD
  Expenses:Taxes:Y2019:US:Federal                 1062.92 USD
  Expenses:Taxes:Y2019:US:State                    365.08 USD
  Expenses:Taxes:Y2019:US:CityNYC                  174.92 USD
  Expenses:Taxes:Y2019:US:SDI                        1.12 USD
  Expenses:Taxes:Y2019:US:SocSec                   281.54 USD
  Assets:US:Federal:PreTax401k                   -1200.00 IRAUSD
  Expenses:Taxes:Y2019:US:Federal:PreTax401k      1200.00 IRAUSD
  Assets:US:Hooli:Vacation                              5 VACHR
  Income:US:Hooli:Vacation                             -5 VACHR

2019-06-20 * "Hooli" "Payroll"
  Assets:US:BofA:Checking                         1350.60 USD
  Assets:US:Vanguard:Cash                         1200.00 USD
  Income:US:Hooli:Salary                         -4615.38 USD
  Income:US:Hooli:GroupTermLife                    -24.32 USD
  Expenses:Health:Life:GroupTermLife                24.32 USD
  Expenses:Health:Dental:Insurance                   2.90 USD
  Expenses:Health:Medical:Insurance                 27.38 USD
  Expenses:Health:Vision:Insurance                  42.30 USD
  Expenses:Taxes:Y2019:US:Medicare                 106.62 USD
  Expenses:Taxes:Y2019:US:Federal                 1062.92 USD
  Expenses:Taxes:Y2019:US:State                    365.08 USD
  Expenses:Taxes:Y2019:US:CityNYC                  174.92 USD
  Expenses:Taxes:Y2019:US:SDI                        1.12 USD
  Expenses:Taxes:Y2019:US:SocSec                   281.54 USD
  Assets:US:Federal:PreTax401k                   -1200.00 IRAUSD
  Expenses:Taxes:Y2019:US:Federal:PreTax401k      1200.00 IRAUSD
  Assets:US:Hooli:Vacation                              5 VACHR
  Income:US:Hooli:Vacation                             -5 VACHR

2019-07-04 * "Hooli" "Payroll"
  Assets:US:BofA:Checking                         1350.60 USD
  Assets:US:Vanguard:Cash                         1200.00 USD
  Income:US:Hooli:Salary                         -4615.38 USD
  Income:US:Hooli:GroupTermLife                    -24.32 USD
  Expenses:Health:Life:GroupTermLife                24.32 USD
  Expenses:Health:Dental:Insurance                   2.90 USD
  Expenses:Health:Medical:Insurance                 27.38 USD
  Expenses:Health:Vision:Insurance                  42.30 USD
  Expenses:Taxes:Y2019:US:Medicare                 106.62 USD
  Expenses:Taxes:Y2019:US:Federal                 1062.92 USD
  Expenses:Taxes:Y2019:US:State                    365.08 USD
  Expenses:Taxes:Y2019:US:CityNYC                  174.92 USD
  Expenses:Taxes:Y2019:US:SDI                        1.12 USD
  Expenses:Taxes:Y2019:US:SocSec                   281.54 USD
  Assets:US:Federal:PreTax401k                   -1200.00 IRAUSD
  Expenses:Taxes:Y2019:US:Federal:PreTax401k      1200.00 IRAUSD
  Assets:US:Hooli:Vacation                              5 VACHR
  Income:US:Hooli:Vacation                             -5 VACHR

2019-07-18 * "Hooli" "Payroll"
  Assets:US:BofA:Checking                         1350.60 USD
  Assets:US:Vanguard:Cash                         1200.00 USD
  Income:US:Hooli:Salary                         -4615.38 USD
  Income:US:Hooli:GroupTermLife                    -24.32 USD
  Expenses:Health:Life:GroupTermLife                24.32 USD
  Expenses:Health:Dental:Insurance                   2.90 USD
  Expenses:Health:Medical:Insurance                 27.38 USD
  Expenses:Health:Vision:Insurance                  42.30 USD
  Expenses:Taxes:Y2019:US:Medicare                 106.62 USD
  Expenses:Taxes:Y2019:US:Federal                 1062.92 USD
  Expenses:Taxes:Y2019:US:State                    365.08 USD
  Expenses:Taxes:Y2019:US:CityNYC                  174.92 USD
  Expenses:Taxes:Y2019:US:SDI                        1.12 USD
  Expenses:Taxes:Y2019:US:SocSec                   281.54 USD
  Assets:US:Federal:PreTax401k                   -1200.00 IRAUSD
  Expenses:Taxes:Y2019:US:Federal:PreTax401k      1200.00 IRAUSD
  Assets:US:Hooli:Vacation                              5 VACHR
  Income:US:Hooli:Vacation                             -5 VACHR

2019-08-01 * "Hooli" "Payroll"
  Assets:US:BofA:Checking                         2050.60 USD
  Assets:US:Vanguard:Cash                          500.00 USD
  Income:US:Hooli:Salary                         -4615.38 USD
  Income:US:Hooli:GroupTermLife                    -24.32 USD
  Expenses:Health:Life:GroupTermLife                24.32 USD
  Expenses:Health:Dental:Insurance                   2.90 USD
  Expenses:Health:Medical:Insurance                 27.38 USD
  Expenses:Health:Vision:Insurance                  42.30 USD
  Expenses:Taxes:Y2019:US:Medicare                 106.62 USD
  Expenses:Taxes:Y2019:US:Federal                 1062.92 USD
  Expenses:Taxes:Y2019:US:State                    365.08 USD
  Expenses:Taxes:Y2019:US:CityNYC                  174.92 USD
  Expenses:Taxes:Y2019:US:SDI                        1.12 USD
  Expenses:Taxes:Y2019:US:SocSec                   281.54 USD
  Assets:US:Federal:PreTax401k                    -500.00 IRAUSD
  Expenses:Taxes:Y2019:US:Federal:PreTax401k       500.00 IRAUSD
  Assets:US:Hooli:Vacation                              5 VACHR
  Income:US:Hooli:Vacation                             -5 VACHR

2019-08-15 * "Hooli" "Payroll"
  Assets:US:BofA:Checking                         2550.60 USD
  Income:US:Hooli:Salary                         -4615.38 USD
  Income:US:Hooli:GroupTermLife                    -24.32 USD
  Expenses:Health:Life:GroupTermLife                24.32 USD
  Expenses:Health:Dental:Insurance                   2.90 USD
  Expenses:Health:Medical:Insurance                 27.38 USD
  Expenses:Health:Vision:Insurance                  42.30 USD
  Expenses:Taxes:Y2019:US:Medicare                 106.62 USD
  Expenses:Taxes:Y2019:US:Federal                 1062.92 USD
  Expenses:Taxes:Y2019:US:State                    365.08 USD
  Expenses:Taxes:Y2019:US:CityNYC                  174.92 USD
  Expenses:Taxes:Y2019:US:SDI                        1.12 USD
  Expenses:Taxes:Y2019:US:SocSec                   281.54 USD
  Assets:US:Federal:PreTax401k                       0.00 IRAUSD
  Assets:US:Hooli:Vacation                              5 VACHR
  Income:US:Hooli:Vacation                             -5 VACHR

2019-08-29 * "Hooli" "Payroll"
  Assets:US:BofA:Checking                         2550.60 USD
  Income:US:Hooli:Salary                         -4615.38 USD
  Income:US:Hooli:GroupTermLife                    -24.32 USD
  Expenses:Health:Life:GroupTermLife                24.32 USD
  Expenses:Health:Dental:Insurance                   2.90 USD
  Expenses:Health:Medical:Insurance                 27.38 USD
  Expenses:Health:Vision:Insurance                  42.30 USD
  Expenses:Taxes:Y2019:US:Medicare                 106.62 USD
  Expenses:Taxes:Y2019:US:Federal                 1062.92 USD
  Expenses:Taxes:Y2019:US:State                    365.08 USD
  Expenses:Taxes:Y2019:US:CityNYC                  174.92 USD
  Expenses:Taxes:Y2019:US:SDI                        1.12 USD
  Expenses:Taxes:Y2019:US:SocSec                   281.54 USD
  Assets:US:Federal:PreTax401k                       0.00 IRAUSD
  Assets:US:Hooli:Vacation                              5 VACHR
  Income:US:Hooli:Vacation                             -5 VACHR

2019-09-12 * "Hooli" "Payroll"
  Assets:US:BofA:Checking                         2550.60 USD
  Income:US:Hooli:Salary                         -4615.38 USD
  Income:US:Hooli:GroupTermLife                    -24.32 USD
  Expenses:Health:Life:GroupTermLife                24.32 USD
  Expenses:Health:Dental:Insurance                   2.90 USD
  Expenses:Health:Medical:Insurance                 27.38 USD
  Expenses:Health:Vision:Insurance                  42.30 USD
  Expenses:Taxes:Y2019:US:Medicare                 106.62 USD
  Expenses:Taxes:Y2019:US:Federal                 1062.92 USD
  Expenses:Taxes:Y2019:US:State                    365.08 USD
  Expenses:Taxes:Y2019:US:CityNYC                  174.92 USD
  Expenses:Taxes:Y2019:US:SDI                        1.12 USD
  Expenses:Taxes:Y2019:US:SocSec                   281.54 USD
  Assets:US:Federal:PreTax401k                       0.00 IRAUSD
  Assets:US:Hooli:Vacation                              5 VACHR
  Income:US:Hooli:Vacation                             -5 VACHR

2019-09-26 * "Hooli" "Payroll"
  Assets:US:BofA:Checking                         2550.60 USD
  Income:US:Hooli:Salary                         -4615.38 USD
  Income:US:Hooli:GroupTermLife                    -24.32 USD
  Expenses:Health:Life:GroupTermLife                24.32 USD
  Expenses:Health:Dental:Insurance                   2.90 USD
  Expenses:Health:Medical:Insurance                 27.38 USD
  Expenses:Health:Vision:Insurance                  42.30 USD
  Expenses:Taxes:Y2019:US:Medicare                 106.62 USD
  Expenses:Taxes:Y2019:US:Federal                 1062.92 USD
  Expenses:Taxes:Y2019:US:State                    365.08 USD
  Expenses:Taxes:Y2019:US:CityNYC                  174.92 USD
  Expenses:Taxes:Y2019:US:SDI                        1.12 USD
  Expenses:Taxes:Y2019:US:SocSec                   281.54 USD
  Assets:US:Federal:PreTax401k                       0.00 IRAUSD
  Assets:US:Hooli:Vacation                              5 VACHR
  Income:US:Hooli:Vacation                             -5 VACHR

2019-10-10 * "Hooli" "Payroll"
  Assets:US:BofA:Checking                         2550.60 USD
  Income:US:Hooli:Salary                         -4615.38 USD
  Income:US:Hooli:GroupTermLife                    -24.32 USD
  Expenses:Health:Life:GroupTermLife                24.32 USD
  Expenses:Health:Dental:Insurance                   2.90 USD
  Expenses:Health:Medical:Insurance                 27.38 USD
  Expenses:Health:Vision:Insurance                  42.30 USD
  Expenses:Taxes:Y2019:US:Medicare                 106.62 USD
  Expenses:Taxes:Y2019:US:Federal                 1062.92 USD
  Expenses:Taxes:Y2019:US:State                    365.08 USD
  Expenses:Taxes:Y2019:US:CityNYC                  174.92 USD
  Expenses:Taxes:Y2019:US:SDI                        1.12 USD
  Expenses:Taxes:Y2019:US:SocSec                   281.54 USD
  Assets:US:Federal:PreTax401k                       0.00 IRAUSD
  Assets:US:Hooli:Vacation                              5 VACHR
  Income:US:Hooli:Vacation                             -5 VACHR

2019-10-24 * "Hooli" "Payroll"
  Assets:US:BofA:Checking                         2550.60 USD
  Income:US:Hooli:Salary                         -4615.38 USD
  Income:US:Hooli:GroupTermLife                    -24.32 USD
  Expenses:Health:Life:GroupTermLife                24.32 USD
  Expenses:Health:Dental:Insurance                   2.90 USD
  Expenses:Health:Medical:Insurance                 27.38 USD
  Expenses:Health:Vision:Insurance                  42.30 USD
  Expenses:Taxes:Y2019:US:Medicare                 106.62 USD
  Expenses:Taxes:Y2019:US:Federal                 1062.92 USD
  Expenses:Taxes:Y2019:US:State                    365.08 USD
  Expenses:Taxes:Y2019:US:CityNYC                  174.92 USD
  Expenses:Taxes:Y2019:US:SDI                        1.12 USD
  Expenses:Taxes:Y2019:US:SocSec                   281.54 USD
  Assets:US:Federal:PreTax401k                       0.00 IRAUSD
  Assets:US:Hooli:Vacation                              5 VACHR
  Income:US:Hooli:Vacation                             -5 VACHR

2019-11-07 * "Hooli" "Payroll"
  Assets:US:BofA:Checking                         2550.60 USD
  Income:US:Hooli:Salary                         -4615.38 USD
  Income:US:Hooli:GroupTermLife                    -24.32 USD
  Expenses:Health:Life:GroupTermLife                24.32 USD
  Expenses:Health:Dental:Insurance                   2.90 USD
  Expenses:Health:Medical:Insurance                 27.38 USD
  Expenses:Health:Vision:Insurance                  42.30 USD
  Expenses:Taxes:Y2019:US:Medicare                 106.62 USD
  Expenses:Taxes:Y2019:US:Federal                 1062.92 USD
  Expenses:Taxes:Y2019:US:State                    365.08 USD
  Expenses:Taxes:Y2019:US:CityNYC                  174.92 USD
  Expenses:Taxes:Y2019:US:SDI                        1.12 USD
  Expenses:Taxes:Y2019:US:SocSec                   281.54 USD
  Assets:US:Federal:PreTax401k                       0.00 IRAUSD
  Assets:US:Hooli:Vacation                              5 VACHR
  Income:US:Hooli:Vacation                             -5 VACHR

2019-11-21 * "Hooli" "Payroll"
  Assets:US:BofA:Checking                         2550.60 USD
  Income:US:Hooli:Salary                         -4615.38 USD
  Income:US:Hooli:GroupTermLife                    -24.32 USD
  Expenses:Health:Life:GroupTermLife                24.32 USD
  Expenses:Health:Dental:Insurance                   2.90 USD
  Expenses:Health:Medical:Insurance                 27.38 USD
  Expenses:Health:Vision:Insurance                  42.30 USD
  Expenses:Taxes:Y2019:US:Medicare                 106.62 USD
  Expenses:Taxes:Y2019:US:Federal                 1062.92 USD
  Expenses:Taxes:Y2019:US:State                    365.08 USD
  Expenses:Taxes:Y2019:US:CityNYC                  174.92 USD
  Expenses:Taxes:Y2019:US:SDI                        1.12 USD
  Expenses:Taxes:Y2019:US:SocSec                   281.54 USD
  Assets:US:Federal:PreTax401k                       0.00 IRAUSD
  Assets:US:Hooli:Vacation                              5 VACHR
  Income:US:Hooli:Vacation                             -5 VACHR

2019-12-05 * "Hooli" "Payroll"
  Assets:US:BofA:Checking                         2589.06 USD
  Income:US:Hooli:Salary                         -4615.38 USD
  Income:US:Hooli:GroupTermLife                    -24.32 USD
  Expenses:Health:Life:GroupTermLife                24.32 USD
  Expenses:Health:Dental:Insurance                   2.90 USD
  Expenses:Health:Medical:Insurance                 27.38 USD
  Expenses:Health:Vision:Insurance                  42.30 USD
  Expenses:Taxes:Y2019:US:Medicare                 106.62 USD
  Expenses:Taxes:Y2019:US:Federal                 1062.92 USD
  Expenses:Taxes:Y2019:US:State                    365.08 USD
  Expenses:Taxes:Y2019:US:CityNYC                  174.92 USD
  Expenses:Taxes:Y2019:US:SDI                        1.12 USD
  Expenses:Taxes:Y2019:US:SocSec                   243.08 USD
  Assets:US:Federal:PreTax401k                       0.00 IRAUSD
  Assets:US:Hooli:Vacation                              5 VACHR
  Income:US:Hooli:Vacation                             -5 VACHR

2019-12-19 * "Hooli" "Payroll"
  Assets:US:BofA:Checking                         2832.14 USD
  Income:US:Hooli:Salary                         -4615.38 USD
  Income:US:Hooli:GroupTermLife                    -24.32 USD
  Expenses:Health:Life:GroupTermLife                24.32 USD
  Expenses:Health:Dental:Insurance                   2.90 USD
  Expenses:Health:Medical:Insurance                 27.38 USD
  Expenses:Health:Vision:Insurance                  42.30 USD
  Expenses:Taxes:Y2019:US:Medicare                 106.62 USD
  Expenses:Taxes:Y2019:US:Federal                 1062.92 USD
  Expenses:Taxes:Y2019:US:State                    365.08 USD
  Expenses:Taxes:Y2019:US:CityNYC                  174.92 USD
  Expenses:Taxes:Y2019:US:SDI                        1.12 USD
  Expenses:Taxes:Y2019:US:SocSec                     0.00 USD
  Assets:US:Federal:PreTax401k                       0.00 IRAUSD
  Assets:US:Hooli:Vacation                              5 VACHR
  Income:US:Hooli:Vacation                             -5 VACHR

2020-01-02 * "Hooli" "Payroll"
  Assets:US:BofA:Checking                         1350.60 USD
  Assets:US:Vanguard:Cash                         1200.00 USD
  Income:US:Hooli:Salary                         -4615.38 USD
  Income:US:Hooli:GroupTermLife                    -24.32 USD
  Expenses:Health:Life:GroupTermLife                24.32 USD
  Expenses:Health:Dental:Insurance                   2.90 USD
  Expenses:Health:Medical:Insurance                 27.38 USD
  Expenses:Health:Vision:Insurance                  42.30 USD
  Expenses:Taxes:Y2020:US:Medicare                 106.62 USD
  Expenses:Taxes:Y2020:US:Federal                 1062.92 USD
  Expenses:Taxes:Y2020:US:State                    365.08 USD
  Expenses:Taxes:Y2020:US:CityNYC                  174.92 USD
  Expenses:Taxes:Y2020:US:SDI                        1.12 USD
  Expenses:Taxes:Y2020:US:SocSec                   281.54 USD
  Assets:US:Federal:PreTax401k                   -1200.00 IRAUSD
  Expenses:Taxes:Y2020:US:Federal:PreTax401k      1200.00 IRAUSD
  Assets:US:Hooli:Vacation                              5 VACHR
  Income:US:Hooli:Vacation                             -5 VACHR

2020-01-16 * "Hooli" "Payroll"
  Assets:US:BofA:Checking                         1350.60 USD
  Assets:US:Vanguard:Cash                         1200.00 USD
  Income:US:Hooli:Salary                         -4615.38 USD
  Income:US:Hooli:GroupTermLife                    -24.32 USD
  Expenses:Health:Life:GroupTermLife                24.32 USD
  Expenses:Health:Dental:Insurance                   2.90 USD
  Expenses:Health:Medical:Insurance                 27.38 USD
  Expenses:Health:Vision:Insurance                  42.30 USD
  Expenses:Taxes:Y2020:US:Medicare                 106.62 USD
  Expenses:Taxes:Y2020:US:Federal                 1062.92 USD
  Expenses:Taxes:Y2020:US:State                    365.08 USD
  Expenses:Taxes:Y2020:US:CityNYC                  174.92 USD
  Expenses:Taxes:Y2020:US:SDI                        1.12 USD
  Expenses:Taxes:Y2020:US:SocSec                   281.54 USD
  Assets:US:Federal:PreTax401k                   -1200.00 IRAUSD
  Expenses:Taxes:Y2020:US:Federal:PreTax401k      1200.00 IRAUSD
  Assets:US:Hooli:Vacation                              5 VACHR
  Income:US:Hooli:Vacation                             -5 VACHR

2020-01-30 * "Hooli" "Payroll"
  Assets:US:BofA:Checking                         1350.60 USD
  Assets:US:Vanguard:Cash                         1200.00 USD
  Income:US:Hooli:Salary                         -4615.38 USD
  Income:US:Hooli:GroupTermLife                    -24.32 USD
  Expenses:Health:Life:GroupTermLife                24.32 USD
  Expenses:Health:Dental:Insurance                   2.90 USD
  Expenses:Health:Medical:Insurance                 27.38 USD
  Expenses:Health:Vision:Insurance                  42.30 USD
  Expenses:Taxes:Y2020:US:Medicare                 106.62 USD
  Expenses:Taxes:Y2020:US:Federal                 1062.92 USD
  Expenses:Taxes:Y2020:US:State                    365.08 USD
  Expenses:Taxes:Y2020:US:CityNYC                  174.92 USD
  Expenses:Taxes:Y2020:US:SDI                        1.12 USD
  Expenses:Taxes:Y2020:US:SocSec                   281.54 USD
  Assets:US:Federal:PreTax401k                   -1200.00 IRAUSD
  Expenses:Taxes:Y2020:US:Federal:PreTax401k      1200.00 IRAUSD
  Assets:US:Hooli:Vacation                              5 VACHR
  Income:US:Hooli:Vacation                             -5 VACHR

2020-02-13 * "Hooli" "Payroll"
  Assets:US:BofA:Checking                         1350.60 USD
  Assets:US:Vanguard:Cash                         1200.00 USD
  Income:US:Hooli:Salary                         -4615.38 USD
  Income:US:Hooli:GroupTermLife                    -24.32 USD
  Expenses:Health:Life:GroupTermLife                24.32 USD
  Expenses:Health:Dental:Insurance                   2.90 USD
  Expenses:Health:Medical:Insurance                 27.38 USD
  Expenses:Health:Vision:Insurance                  42.30 USD
  Expenses:Taxes:Y2020:US:Medicare                 106.62 USD
  Expenses:Taxes:Y2020:US:Federal                 1062.92 USD
  Expenses:Taxes:Y2020:US:State                    365.08 USD
  Expenses:Taxes:Y2020:US:CityNYC                  174.92 USD
  Expenses:Taxes:Y2020:US:SDI                        1.12 USD
  Expenses:Taxes:Y2020:US:SocSec                   281.54 USD
  Assets:US:Federal:PreTax401k                   -1200.00 IRAUSD
  Expenses:Taxes:Y2020:US:Federal:PreTax401k      1200.00 IRAUSD
  Assets:US:Hooli:Vacation                              5 VACHR
  Income:US:Hooli:Vacation                             -5 VACHR

2020-02-27 * "Hooli" "Payroll"
  Assets:US:BofA:Checking                         1350.60 USD
  Assets:US:Vanguard:Cash                         1200.00 USD
  Income:US:Hooli:Salary                         -4615.38 USD
  Income:US:Hooli:GroupTermLife                    -24.32 USD
  Expenses:Health:Life:GroupTermLife                24.32 USD
  Expenses:Health:Dental:Insurance                   2.90 USD
  Expenses:Health:Medical:Insurance                 27.38 USD
  Expenses:Health:Vision:Insurance                  42.30 USD
  Expenses:Taxes:Y2020:US:Medicare                 106.62 USD
  Expenses:Taxes:Y2020:US:Federal                 1062.92 USD
  Expenses:Taxes:Y2020:US:State                    365.08 USD
  Expenses:Taxes:Y2020:US:CityNYC                  174.92 USD
  Expenses:Taxes:Y2020:US:SDI                        1.12 USD
  Expenses:Taxes:Y2020:US:SocSec                   281.54 USD
  Assets:US:Federal:PreTax401k                   -1200.00 IRAUSD
  Expenses:Taxes:Y2020:US:Federal:PreTax401k      1200.00 IRAUSD
  Assets:US:Hooli:Vacation                              5 VACHR
  Income:US:Hooli:Vacation                             -5 VACHR

2020-03-12 * "Hooli" "Payroll"
  Assets:US:BofA:Checking                         1350.60 USD
  Assets:US:Vanguard:Cash                         1200.00 USD
  Income:US:Hooli:Salary                         -4615.38 USD
  Income:US:Hooli:GroupTermLife                    -24.32 USD
  Expenses:Health:Life:GroupTermLife                24.32 USD
  Expenses:Health:Dental:Insurance                   2.90 USD
  Expenses:Health:Medical:Insurance                 27.38 USD
  Expenses:Health:Vision:Insurance                  42.30 USD
  Expenses:Taxes:Y2020:US:Medicare                 106.62 USD
  Expenses:Taxes:Y2020:US:Federal                 1062.92 USD
  Expenses:Taxes:Y2020:US:State                    365.08 USD
  Expenses:Taxes:Y2020:US:CityNYC                  174.92 USD
  Expenses:Taxes:Y2020:US:SDI                        1.12 USD
  Expenses:Taxes:Y2020:US:SocSec                   281.54 USD
  Assets:US:Federal:PreTax401k                   -1200.00 IRAUSD
  Expenses:Taxes:Y2020:US:Federal:PreTax401k      1200.00 IRAUSD
  Assets:US:Hooli:Vacation                              5 VACHR
  Income:US:Hooli:Vacation                             -5 VACHR

2020-03-26 * "Hooli" "Payroll"
  Assets:US:BofA:Checking                         1350.60 USD
  Assets:US:Vanguard:Cash                         1200.00 USD
  Income:US:Hooli:Salary                         -4615.38 USD
  Income:US:Hooli:GroupTermLife                    -24.32 USD
  Expenses:Health:Life:GroupTermLife                24.32 USD
  Expenses:Health:Dental:Insurance                   2.90 USD
  Expenses:Health:Medical:Insurance                 27.38 USD
  Expenses:Health:Vision:Insurance                  42.30 USD
  Expenses:Taxes:Y2020:US:Medicare                 106.62 USD
  Expenses:Taxes:Y2020:US:Federal                 1062.92 USD
  Expenses:Taxes:Y2020:US:State                    365.08 USD
  Expenses:Taxes:Y2020:US:CityNYC                  174.92 USD
  Expenses:Taxes:Y2020:US:SDI                        1.12 USD
  Expenses:Taxes:Y2020:US:SocSec                   281.54 USD
  Assets:US:Federal:PreTax401k                   -1200.00 IRAUSD
  Expenses:Taxes:Y2020:US:Federal:PreTax401k      1200.00 IRAUSD
  Assets:US:Hooli:Vacation                              5 VACHR
  Income:US:Hooli:Vacation                             -5 VACHR

2020-04-09 * "Hooli" "Payroll"
  Assets:US:BofA:Checking                         1350.60 USD
  Assets:US:Vanguard:Cash                         1200.00 USD
  Income:US:Hooli:Salary                         -4615.38 USD
  Income:US:Hooli:GroupTermLife                    -24.32 USD
  Expenses:Health:Life:GroupTermLife                24.32 USD
  Expenses:Health:Dental:Insurance                   2.90 USD
  Expenses:Health:Medical:Insurance                 27.38 USD
  Expenses:Health:Vision:Insurance                  42.30 USD
  Expenses:Taxes:Y2020:US:Medicare                 106.62 USD
  Expenses:Taxes:Y2020:US:Federal                 1062.92 USD
  Expenses:Taxes:Y2020:US:State                    365.08 USD
  Expenses:Taxes:Y2020:US:CityNYC                  174.92 USD
  Expenses:Taxes:Y2020:US:SDI                        1.12 USD
  Expenses:Taxes:Y2020:US:SocSec                   281.54 USD
  Assets:US:Federal:PreTax401k                   -1200.00 IRAUSD
  Expenses:Taxes:Y2020:US:Federal:PreTax401k      1200.00 IRAUSD
  Assets:US:Hooli:Vacation                              5 VACHR
  Income:US:Hooli:Vacation                             -5 VACHR

2020-04-23 * "Hooli" "Payroll"
  Assets:US:BofA:Checking                         1350.60 USD
  Assets:US:Vanguard:Cash                         1200.00 USD
  Income:US:Hooli:Salary                         -4615.38 USD
  Income:US:Hooli:GroupTermLife                    -24.32 USD
  Expenses:Health:Life:GroupTermLife                24.32 USD
  Expenses:Health:Dental:Insurance                   2.90 USD
  Expenses:Health:Medical:Insurance                 27.38 USD
  Expenses:Health:Vision:Insurance                  42.30 USD
  Expenses:Taxes:Y2020:US:Medicare                 106.62 USD
  Expenses:Taxes:Y2020:US:Federal                 1062.92 USD
  Expenses:Taxes:Y2020:US:State                    365.08 USD
  Expenses:Taxes:Y2020:US:CityNYC                  174.92 USD
  Expenses:Taxes:Y2020:US:SDI                        1.12 USD
  Expenses:Taxes:Y2020:US:SocSec                   281.54 USD
  Assets:US:Federal:PreTax401k                   -1200.00 IRAUSD
  Expenses:Taxes:Y2020:US:Federal:PreTax401k      1200.00 IRAUSD
  Assets:US:Hooli:Vacation                              5 VACHR
  Income:US:Hooli:Vacation                             -5 VACHR

2020-05-07 * "Hooli" "Payroll"
  Assets:US:BofA:Checking                         1350.60 USD
  Assets:US:Vanguard:Cash                         1200.00 USD
  Income:US:Hooli:Salary                         -4615.38 USD
  Income:US:Hooli:GroupTermLife                    -24.32 USD
  Expenses:Health:Life:GroupTermLife                24.32 USD
  Expenses:Health:Dental:Insurance                   2.90 USD
  Expenses:Health:Medical:Insurance                 27.38 USD
  Expenses:Health:Vision:Insurance                  42.30 USD
  Expenses:Taxes:Y2020:US:Medicare                 106.62 USD
  Expenses:Taxes:Y2020:US:Federal                 1062.92 USD
  Expenses:Taxes:Y2020:US:State                    365.08 USD
  Expenses:Taxes:Y2020:US:CityNYC                  174.92 USD
  Expenses:Taxes:Y2020:US:SDI                        1.12 USD
  Expenses:Taxes:Y2020:US:SocSec                   281.54 USD
  Assets:US:Federal:PreTax401k                   -1200.00 IRAUSD
  Expenses:Taxes:Y2020:US:Federal:PreTax401k      1200.00 IRAUSD
  Assets:US:Hooli:Vacation                              5 VACHR
  Income:US:Hooli:Vacation                             -5 VACHR

2020-05-21 * "Hooli" "Payroll"
  Assets:US:BofA:Checking                         1350.60 USD
  Assets:US:Vanguard:Cash                         1200.00 USD
  Income:US:Hooli:Salary                         -4615.38 USD
  Income:US:Hooli:GroupTermLife                    -24.32 USD
  Expenses:Health:Life:GroupTermLife                24.32 USD
  Expenses:Health:Dental:Insurance                   2.90 USD
  Expenses:Health:Medical:Insurance                 27.38 USD
  Expenses:Health:Vision:Insurance                  42.30 USD
  Expenses:Taxes:Y2020:US:Medicare                 106.62 USD
  Expenses:Taxes:Y2020:US:Federal                 1062.92 USD
  Expenses:Taxes:Y2020:US:State                    365.08 USD
  Expenses:Taxes:Y2020:US:CityNYC                  174.92 USD
  Expenses:Taxes:Y2020:US:SDI                        1.12 USD
  Expenses:Taxes:Y2020:US:SocSec                   281.54 USD
  Assets:US:Federal:PreTax401k                   -1200.00 IRAUSD
  Expenses:Taxes:Y2020:US:Federal:PreTax401k      1200.00 IRAUSD
  Assets:US:Hooli:Vacation                              5 VACHR
  Income:US:Hooli:Vacation                             -5 VACHR

2020-06-04 * "Hooli" "Payroll"
  Assets:US:BofA:Checking                         1350.60 USD
  Assets:US:Vanguard:Cash                         1200.00 USD
  Income:US:Hooli:Salary                         -4615.38 USD
  Income:US:Hooli:GroupTermLife                    -24.32 USD
  Expenses:Health:Life:GroupTermLife                24.32 USD
  Expenses:Health:Dental:Insurance                   2.90 USD
  Expenses:Health:Medical:Insurance                 27.38 USD
  Expenses:Health:Vision:Insurance                  42.30 USD
  Expenses:Taxes:Y2020:US:Medicare                 106.62 USD
  Expenses:Taxes:Y2020:US:Federal                 1062.92 USD
  Expenses:Taxes:Y2020:US:State                    365.08 USD
  Expenses:Taxes:Y2020:US:CityNYC                  174.92 USD
  Expenses:Taxes:Y2020:US:SDI                        1.12 USD
  Expenses:Taxes:Y2020:US:SocSec                   281.54 USD
  Assets:US:Federal:PreTax401k                   -1200.00 IRAUSD
  Expenses:Taxes:Y2020:US:Federal:PreTax401k      1200.00 IRAUSD
  Assets:US:Hooli:Vacation                              5 VACHR
  Income:US:Hooli:Vacation                             -5 VACHR

2020-06-18 * "Hooli" "Payroll"
  Assets:US:BofA:Checking                         1350.60 USD
  Assets:US:Vanguard:Cash                         1200.00 USD
  Income:US:Hooli:Salary                         -4615.38 USD
  Income:US:Hooli:GroupTermLife                    -24.32 USD
  Expenses:Health:Life:GroupTermLife                24.32 USD
  Expenses:Health:Dental:Insurance                   2.90 USD
  Expenses:Health:Medical:Insurance                 27.38 USD
  Expenses:Health:Vision:Insurance                  42.30 USD
  Expenses:Taxes:Y2020:US:Medicare                 106.62 USD
  Expenses:Taxes:Y2020:US:Federal                 1062.92 USD
  Expenses:Taxes:Y2020:US:State                    365.08 USD
  Expenses:Taxes:Y2020:US:CityNYC                  174.92 USD
  Expenses:Taxes:Y2020:US:SDI                        1.12 USD
  Expenses:Taxes:Y2020:US:SocSec                   281.54 USD
  Assets:US:Federal:PreTax401k                   -1200.00 IRAUSD
  Expenses:Taxes:Y2020:US:Federal:PreTax401k      1200.00 IRAUSD
  Assets:US:Hooli:Vacation                              5 VACHR
  Income:US:Hooli:Vacation                             -5 VACHR

2020-07-02 * "Hooli" "Payroll"
  Assets:US:BofA:Checking                         1350.60 USD
  Assets:US:Vanguard:Cash                         1200.00 USD
  Income:US:Hooli:Salary                         -4615.38 USD
  Income:US:Hooli:GroupTermLife                    -24.32 USD
  Expenses:Health:Life:GroupTermLife                24.32 USD
  Expenses:Health:Dental:Insurance                   2.90 USD
  Expenses:Health:Medical:Insurance                 27.38 USD
  Expenses:Health:Vision:Insurance                  42.30 USD
  Expenses:Taxes:Y2020:US:Medicare                 106.62 USD
  Expenses:Taxes:Y2020:US:Federal                 1062.92 USD
  Expenses:Taxes:Y2020:US:State                    365.08 USD
  Expenses:Taxes:Y2020:US:CityNYC                  174.92 USD
  Expenses:Taxes:Y2020:US:SDI                        1.12 USD
  Expenses:Taxes:Y2020:US:SocSec                   281.54 USD
  Assets:US:Federal:PreTax401k                   -1200.00 IRAUSD
  Expenses:Taxes:Y2020:US:Federal:PreTax401k      1200.00 IRAUSD
  Assets:US:Hooli:Vacation                              5 VACHR
  Income:US:Hooli:Vacation                             -5 VACHR

2020-07-16 * "Hooli" "Payroll"
  Assets:US:BofA:Checking                         1350.60 USD
  Assets:US:Vanguard:Cash                         1200.00 USD
  Income:US:Hooli:Salary                         -4615.38 USD
  Income:US:Hooli:GroupTermLife                    -24.32 USD
  Expenses:Health:Life:GroupTermLife                24.32 USD
  Expenses:Health:Dental:Insurance                   2.90 USD
  Expenses:Health:Medical:Insurance                 27.38 USD
  Expenses:Health:Vision:Insurance                  42.30 USD
  Expenses:Taxes:Y2020:US:Medicare                 106.62 USD
  Expenses:Taxes:Y2020:US:Federal                 1062.92 USD
  Expenses:Taxes:Y2020:US:State                    365.08 USD
  Expenses:Taxes:Y2020:US:CityNYC                  174.92 USD
  Expenses:Taxes:Y2020:US:SDI                        1.12 USD
  Expenses:Taxes:Y2020:US:SocSec                   281.54 USD
  Assets:US:Federal:PreTax401k                   -1200.00 IRAUSD
  Expenses:Taxes:Y2020:US:Federal:PreTax401k      1200.00 IRAUSD
  Assets:US:Hooli:Vacation                              5 VACHR
  Income:US:Hooli:Vacation                             -5 VACHR

2020-07-30 * "Hooli" "Payroll"
  Assets:US:BofA:Checking                         2050.60 USD
  Assets:US:Vanguard:Cash                          500.00 USD
  Income:US:Hooli:Salary                         -4615.38 USD
  Income:US:Hooli:GroupTermLife                    -24.32 USD
  Expenses:Health:Life:GroupTermLife                24.32 USD
  Expenses:Health:Dental:Insurance                   2.90 USD
  Expenses:Health:Medical:Insurance                 27.38 USD
  Expenses:Health:Vision:Insurance                  42.30 USD
  Expenses:Taxes:Y2020:US:Medicare                 106.62 USD
  Expenses:Taxes:Y2020:US:Federal                 1062.92 USD
  Expenses:Taxes:Y2020:US:State                    365.08 USD
  Expenses:Taxes:Y2020:US:CityNYC                  174.92 USD
  Expenses:Taxes:Y2020:US:SDI                        1.12 USD
  Expenses:Taxes:Y2020:US:SocSec                   281.54 USD
  Assets:US:Federal:PreTax401k                    -500.00 IRAUSD
  Expenses:Taxes:Y2020:US:Federal:PreTax401k       500.00 IRAUSD
  Assets:US:Hooli:Vacation                              5 VACHR
  Income:US:Hooli:Vacation                             -5 VACHR

2020-08-13 * "Hooli" "Payroll"
  Assets:US:BofA:Checking                         2550.60 USD
  Income:US:Hooli:Salary                         -4615.38 USD
  Income:US:Hooli:GroupTermLife                    -24.32 USD
  Expenses:Health:Life:GroupTermLife                24.32 USD
  Expenses:Health:Dental:Insurance                   2.90 USD
  Expenses:Health:Medical:Insurance                 27.38 USD
  Expenses:Health:Vision:Insurance                  42.30 USD
  Expenses:Taxes:Y2020:US:Medicare                 106.62 USD
  Expenses:Taxes:Y2020:US:Federal                 1062.92 USD
  Expenses:Taxes:Y2020:US:State                    365.08 USD
  Expenses:Taxes:Y2020:US:CityNYC                  174.92 USD
  Expenses:Taxes:Y2020:US:SDI                        1.12 USD
  Expenses:Taxes:Y2020:US:SocSec                   281.54 USD
  Assets:US:Federal:PreTax401k                       0.00 IRAUSD
  Assets:US:Hooli:Vacation                              5 VACHR
  Income:US:Hooli:Vacation                             -5 VACHR

2020-08-27 * "Hooli" "Payroll"
  Assets:US:BofA:Checking                         2550.60 USD
  Income:US:Hooli:Salary                         -4615.38 USD
  Income:US:Hooli:GroupTermLife                    -24.32 USD
  Expenses:Health:Life:GroupTermLife                24.32 USD
  Expenses:Health:Dental:Insurance                   2.90 USD
  Expenses:Health:Medical:Insurance                 27.38 USD
  Expenses:Health:Vision:Insurance                  42.30 USD
  Expenses:Taxes:Y2020:US:Medicare                 106.62 USD
  Expenses:Taxes:Y2020:US:Federal                 1062.92 USD
  Expenses:Taxes:Y2020:US:State                    365.08 USD
  Expenses:Taxes:Y2020:US:CityNYC                  174.92 USD
  Expenses:Taxes:Y2020:US:SDI                        1.12 USD
  Expenses:Taxes:Y2020:US:SocSec                   281.54 USD
  Assets:US:Federal:PreTax401k                       0.00 IRAUSD
  Assets:US:Hooli:Vacation                              5 VACHR
  Income:US:Hooli:Vacation                             -5 VACHR

2020-09-10 * "Hooli" "Payroll"
  Assets:US:BofA:Checking                         2550.60 USD
  Income:US:Hooli:Salary                         -4615.38 USD
  Income:US:Hooli:GroupTermLife                    -24.32 USD
  Expenses:Health:Life:GroupTermLife                24.32 USD
  Expenses:Health:Dental:Insurance                   2.90 USD
  Expenses:Health:Medical:Insurance                 27.38 USD
  Expenses:Health:Vision:Insurance                  42.30 USD
  Expenses:Taxes:Y2020:US:Medicare                 106.62 USD
  Expenses:Taxes:Y2020:US:Federal                 1062.92 USD
  Expenses:Taxes:Y2020:US:State                    365.08 USD
  Expenses:Taxes:Y2020:US:CityNYC                  174.92 USD
  Expenses:Taxes:Y2020:US:SDI                        1.12 USD
  Expenses:Taxes:Y2020:US:SocSec                   281.54 USD
  Assets:US:Federal:PreTax401k                       0.00 IRAUSD
  Assets:US:Hooli:Vacation                              5 VACHR
  Income:US:Hooli:Vacation                             -5 VACHR

2020-09-24 * "Hooli" "Payroll"
  Assets:US:BofA:Checking                         2550.60 USD
  Income:US:Hooli:Salary                         -4615.38 USD
  Income:US:Hooli:GroupTermLife                    -24.32 USD
  Expenses:Health:Life:GroupTermLife                24.32 USD
  Expenses:Health:Dental:Insurance                   2.90 USD
  Expenses:Health:Medical:Insurance                 27.38 USD
  Expenses:Health:Vision:Insurance                  42.30 USD
  Expenses:Taxes:Y2020:US:Medicare                 106.62 USD
  Expenses:Taxes:Y2020:US:Federal                 1062.92 USD
  Expenses:Taxes:Y2020:US:State                    365.08 USD
  Expenses:Taxes:Y2020:US:CityNYC                  174.92 USD
  Expenses:Taxes:Y2020:US:SDI                        1.12 USD
  Expenses:Taxes:Y2020:US:SocSec                   281.54 USD
  Assets:US:Federal:PreTax401k                       0.00 IRAUSD
  Assets:US:Hooli:Vacation                              5 VACHR
  Income:US:Hooli:Vacation                             -5 VACHR

2020-10-08 * "Hooli" "Payroll"
  Assets:US:BofA:Checking                         2550.60 USD
  Income:US:Hooli:Salary                         -4615.38 USD
  Income:US:Hooli:GroupTermLife                    -24.32 USD
  Expenses:Health:Life:GroupTermLife                24.32 USD
  Expenses:Health:Dental:Insurance                   2.90 USD
  Expenses:Health:Medical:Insurance                 27.38 USD
  Expenses:Health:Vision:Insurance                  42.30 USD
  Expenses:Taxes:Y2020:US:Medicare                 106.62 USD
  Expenses:Taxes:Y2020:US:Federal                 1062.92 USD
  Expenses:Taxes:Y2020:US:State                    365.08 USD
  Expenses:Taxes:Y2020:US:CityNYC                  174.92 USD
  Expenses:Taxes:Y2020:US:SDI                        1.12 USD
  Expenses:Taxes:Y2020:US:SocSec                   281.54 USD
  Assets:US:Federal:PreTax401k                       0.00 IRAUSD
  Assets:US:Hooli:Vacation                              5 VACHR
  Income:US:Hooli:Vacation                             -5 VACHR

2020-10-22 * "Hooli" "Payroll"
  Assets:US:BofA:Checking                         2550.60 USD
  Income:US:Hooli:Salary                         -4615.38 USD
  Income:US:Hooli:GroupTermLife                    -24.32 USD
  Expenses:Health:Life:GroupTermLife                24.32 USD
  Expenses:Health:Dental:Insurance                   2.90 USD
  Expenses:Health:Medical:Insurance                 27.38 USD
  Expenses:Health:Vision:Insurance                  42.30 USD
  Expenses:Taxes:Y2020:US:Medicare                 106.62 USD
  Expenses:Taxes:Y2020:US:Federal                 1062.92 USD
  Expenses:Taxes:Y2020:US:State                    365.08 USD
  Expenses:Taxes:Y2020:US:CityNYC                  174.92 USD
  Expenses:Taxes:Y2020:US:SDI                        1.12 USD
  Expenses:Taxes:Y2020:US:SocSec                   281.54 USD
  Assets:US:Federal:PreTax401k                       0.00 IRAUSD
  Assets:US:Hooli:Vacation                              5 VACHR
  Income:US:Hooli:Vacation                             -5 VACHR

2020-11-05 * "Hooli" "Payroll"
  Assets:US:BofA:Checking                         2550.60 USD
  Income:US:Hooli:Salary                         -4615.38 USD
  Income:US:Hooli:GroupTermLife                    -24.32 USD
  Expenses:Health:Life:GroupTermLife                24.32 USD
  Expenses:Health:Dental:Insurance                   2.90 USD
  Expenses:Health:Medical:Insurance                 27.38 USD
  Expenses:Health:Vision:Insurance                  42.30 USD
  Expenses:Taxes:Y2020:US:Medicare                 106.62 USD
  Expenses:Taxes:Y2020:US:Federal                 1062.92 USD
  Expenses:Taxes:Y2020:US:State                    365.08 USD
  Expenses:Taxes:Y2020:US:CityNYC                  174.92 USD
  Expenses:Taxes:Y2020:US:SDI                        1.12 USD
  Expenses:Taxes:Y2020:US:SocSec                   281.54 USD
  Assets:US:Federal:PreTax401k                       0.00 IRAUSD
  Assets:US:Hooli:Vacation                              5 VACHR
  Income:US:Hooli:Vacation                             -5 VACHR

2020-11-19 * "Hooli" "Payroll"
  Assets:US:BofA:Checking                         2550.60 USD
  Income:US:Hooli:Salary                         -4615.38 USD
  Income:US:Hooli:GroupTermLife                    -24.32 USD
  Expenses:Health:Life:GroupTermLife                24.32 USD
  Expenses:Health:Dental:Insurance                   2.90 USD
  Expenses:Health:Medical:Insurance                 27.38 USD
  Expenses:Health:Vision:Insurance                  42.30 USD
  Expenses:Taxes:Y2020:US:Medicare                 106.62 USD
  Expenses:Taxes:Y2020:US:Federal                 1062.92 USD
  Expenses:Taxes:Y2020:US:State                    365.08 USD
  Expenses:Taxes:Y2020:US:CityNYC                  174.92 USD
  Expenses:Taxes:Y2020:US:SDI                        1.12 USD
  Expenses:Taxes:Y2020:US:SocSec                   281.54 USD
  Assets:US:Federal:PreTax401k                       0.00 IRAUSD
  Assets:US:Hooli:Vacation                              5 VACHR
  Income:US:Hooli:Vacation                             -5 VACHR

2020-12-03 * "Hooli" "Payroll"
  Assets:US:BofA:Checking                         2589.06 USD
  Income:US:Hooli:Salary                         -4615.38 USD
  Income:US:Hooli:GroupTermLife                    -24.32 USD
  Expenses:Health:Life:GroupTermLife                24.32 USD
  Expenses:Health:Dental:Insurance                   2.90 USD
  Expenses:Health:Medical:Insurance                 27.38 USD
  Expenses:Health:Vision:Insurance                  42.30 USD
  Expenses:Taxes:Y2020:US:Medicare                 106.62 USD
  Expenses:Taxes:Y2020:US:Federal                 1062.92 USD
  Expenses:Taxes:Y2020:US:State                    365.08 USD
  Expenses:Taxes:Y2020:US:CityNYC                  174.92 USD
  Expenses:Taxes:Y2020:US:SDI                        1.12 USD
  Expenses:Taxes:Y2020:US:SocSec                   243.08 USD
  Assets:US:Federal:PreTax401k                       0.00 IRAUSD
  Assets:US:Hooli:Vacation                              5 VACHR
  Income:US:Hooli:Vacation                             -5 VACHR

2020-12-17 * "Hooli" "Payroll"
  Assets:US:BofA:Checking                         2832.14 USD
  Income:US:Hooli:Salary                         -4615.38 USD
  Income:US:Hooli:GroupTermLife                    -24.32 USD
  Expenses:Health:Life:GroupTermLife                24.32 USD
  Expenses:Health:Dental:Insurance                   2.90 USD
  Expenses:Health:Medical:Insurance                 27.38 USD
  Expenses:Health:Vision:Insurance                  42.30 USD
  Expenses:Taxes:Y2020:US:Medicare                 106.62 USD
  Expenses:Taxes:Y2020:US:Federal                 1062.92 USD
  Expenses:Taxes:Y2020:US:State                    365.08 USD
  Expenses:Taxes:Y2020:US:CityNYC                  174.92 USD
  Expenses:Taxes:Y2020:US:SDI                        1.12 USD
  Expenses:Taxes:Y2020:US:SocSec                     0.00 USD
  Assets:US:Federal:PreTax401k                       0.00 IRAUSD
  Assets:US:Hooli:Vacation                              5 VACHR
  Income:US:Hooli:Vacation                             -5 VACHR

2020-12-31 * "Hooli" "Payroll"
  Assets:US:BofA:Checking                         2832.14 USD
  Income:US:Hooli:Salary                         -4615.38 USD
  Income:US:Hooli:GroupTermLife                    -24.32 USD
  Expenses:Health:Life:GroupTermLife                24.32 USD
  Expenses:Health:Dental:Insurance                   2.90 USD
  Expenses:Health:Medical:Insurance                 27.38 USD
  Expenses:Health:Vision:Insurance                  42.30 USD
  Expenses:Taxes:Y2020:US:Medicare                 106.62 USD
  Expenses:Taxes:Y2020:US:Federal                 1062.92 USD
  Expenses:Taxes:Y2020:US:State                    365.08 USD
  Expenses:Taxes:Y2020:US:CityNYC                  174.92 USD
  Expenses:Taxes:Y2020:US:SDI                        1.12 USD
  Expenses:Taxes:Y2020:US:SocSec                     0.00 USD
  Assets:US:Federal:PreTax401k                       0.00 IRAUSD
  Assets:US:Hooli:Vacation                              5 VACHR
  Income:US:Hooli:Vacation                             -5 VACHR

2021-01-14 * "Hooli" "Payroll"
  Assets:US:BofA:Checking                         1350.60 USD
  Assets:US:Vanguard:Cash                         1200.00 USD
  Income:US:Hooli:Salary                         -4615.38 USD
  Income:US:Hooli:GroupTermLife                    -24.32 USD
  Expenses:Health:Life:GroupTermLife                24.32 USD
  Expenses:Health:Dental:Insurance                   2.90 USD
  Expenses:Health:Medical:Insurance                 27.38 USD
  Expenses:Health:Vision:Insurance                  42.30 USD
  Expenses:Taxes:Y2021:US:Medicare                 106.62 USD
  Expenses:Taxes:Y2021:US:Federal                 1062.92 USD
  Expenses:Taxes:Y2021:US:State                    365.08 USD
  Expenses:Taxes:Y2021:US:CityNYC                  174.92 USD
  Expenses:Taxes:Y2021:US:SDI                        1.12 USD
  Expenses:Taxes:Y2021:US:SocSec                   281.54 USD
  Assets:US:Federal:PreTax401k                   -1200.00 IRAUSD
  Expenses:Taxes:Y2021:US:Federal:PreTax401k      1200.00 IRAUSD
  Assets:US:Hooli:Vacation                              5 VACHR
  Income:US:Hooli:Vacation                             -5 VACHR

2021-01-28 * "Hooli" "Payroll"
  Assets:US:BofA:Checking                         1350.60 USD
  Assets:US:Vanguard:Cash                         1200.00 USD
  Income:US:Hooli:Salary                         -4615.38 USD
  Income:US:Hooli:GroupTermLife                    -24.32 USD
  Expenses:Health:Life:GroupTermLife                24.32 USD
  Expenses:Health:Dental:Insurance                   2.90 USD
  Expenses:Health:Medical:Insurance                 27.38 USD
  Expenses:Health:Vision:Insurance                  42.30 USD
  Expenses:Taxes:Y2021:US:Medicare                 106.62 USD
  Expenses:Taxes:Y2021:US:Federal                 1062.92 USD
  Expenses:Taxes:Y2021:US:State                    365.08 USD
  Expenses:Taxes:Y2021:US:CityNYC                  174.92 USD
  Expenses:Taxes:Y2021:US:SDI                        1.12 USD
  Expenses:Taxes:Y2021:US:SocSec                   281.54 USD
  Assets:US:Federal:PreTax401k                   -1200.00 IRAUSD
  Expenses:Taxes:Y2021:US:Federal:PreTax401k      1200.00 IRAUSD
  Assets:US:Hooli:Vacation                              5 VACHR
  Income:US:Hooli:Vacation                             -5 VACHR

2021-02-11 * "Hooli" "Payroll"
  Assets:US:BofA:Checking                         1350.60 USD
  Assets:US:Vanguard:Cash                         1200.00 USD
  Income:US:Hooli:Salary                         -4615.38 USD
  Income:US:Hooli:GroupTermLife                    -24.32 USD
  Expenses:Health:Life:GroupTermLife                24.32 USD
  Expenses:Health:Dental:Insurance                   2.90 USD
  Expenses:Health:Medical:Insurance                 27.38 USD
  Expenses:Health:Vision:Insurance                  42.30 USD
  Expenses:Taxes:Y2021:US:Medicare                 106.62 USD
  Expenses:Taxes:Y2021:US:Federal                 1062.92 USD
  Expenses:Taxes:Y2021:US:State                    365.08 USD
  Expenses:Taxes:Y2021:US:CityNYC                  174.92 USD
  Expenses:Taxes:Y2021:US:SDI                        1.12 USD
  Expenses:Taxes:Y2021:US:SocSec                   281.54 USD
  Assets:US:Federal:PreTax401k                   -1200.00 IRAUSD
  Expenses:Taxes:Y2021:US:Federal:PreTax401k      1200.00 IRAUSD
  Assets:US:Hooli:Vacation                              5 VACHR
  Income:US:Hooli:Vacation                             -5 VACHR

2021-02-25 * "Hooli" "Payroll"
  Assets:US:BofA:Checking                         1350.60 USD
  Assets:US:Vanguard:Cash                         1200.00 USD
  Income:US:Hooli:Salary                         -4615.38 USD
  Income:US:Hooli:GroupTermLife                    -24.32 USD
  Expenses:Health:Life:GroupTermLife                24.32 USD
  Expenses:Health:Dental:Insurance                   2.90 USD
  Expenses:Health:Medical:Insurance                 27.38 USD
  Expenses:Health:Vision:Insurance                  42.30 USD
  Expenses:Taxes:Y2021:US:Medicare                 106.62 USD
  Expenses:Taxes:Y2021:US:Federal                 1062.92 USD
  Expenses:Taxes:Y2021:US:State                    365.08 USD
  Expenses:Taxes:Y2021:US:CityNYC                  174.92 USD
  Expenses:Taxes:Y2021:US:SDI                        1.12 USD
  Expenses:Taxes:Y2021:US:SocSec                   281.54 USD
  Assets:US:Federal:PreTax401k                   -1200.00 IRAUSD
  Expenses:Taxes:Y2021:US:Federal:PreTax401k      1200.00 IRAUSD
  Assets:US:Hooli:Vacation                              5 VACHR
  Income:US:Hooli:Vacation                             -5 VACHR

2021-03-11 * "Hooli" "Payroll"
  Assets:US:BofA:Checking                         1350.60 USD
  Assets:US:Vanguard:Cash                         1200.00 USD
  Income:US:Hooli:Salary                         -4615.38 USD
  Income:US:Hooli:GroupTermLife                    -24.32 USD
  Expenses:Health:Life:GroupTermLife                24.32 USD
  Expenses:Health:Dental:Insurance                   2.90 USD
  Expenses:Health:Medical:Insurance                 27.38 USD
  Expenses:Health:Vision:Insurance                  42.30 USD
  Expenses:Taxes:Y2021:US:Medicare                 106.62 USD
  Expenses:Taxes:Y2021:US:Federal                 1062.92 USD
  Expenses:Taxes:Y2021:US:State                    365.08 USD
  Expenses:Taxes:Y2021:US:CityNYC                  174.92 USD
  Expenses:Taxes:Y2021:US:SDI                        1.12 USD
  Expenses:Taxes:Y2021:US:SocSec                   281.54 USD
  Assets:US:Federal:PreTax401k                   -1200.00 IRAUSD
  Expenses:Taxes:Y2021:US:Federal:PreTax401k      1200.00 IRAUSD
  Assets:US:Hooli:Vacation                              5 VACHR
  Income:US:Hooli:Vacation                             -5 VACHR

2021-03-25 * "Hooli" "Payroll"
  Assets:US:BofA:Checking                         1350.60 USD
  Assets:US:Vanguard:Cash                         1200.00 USD
  Income:US:Hooli:Salary                         -4615.38 USD
  Income:US:Hooli:GroupTermLife                    -24.32 USD
  Expenses:Health:Life:GroupTermLife                24.32 USD
  Expenses:Health:Dental:Insurance                   2.90 USD
  Expenses:Health:Medical:Insurance                 27.38 USD
  Expenses:Health:Vision:Insurance                  42.30 USD
  Expenses:Taxes:Y2021:US:Medicare                 106.62 USD
  Expenses:Taxes:Y2021:US:Federal                 1062.92 USD
  Expenses:Taxes:Y2021:US:State                    365.08 USD
  Expenses:Taxes:Y2021:US:CityNYC                  174.92 USD
  Expenses:Taxes:Y2021:US:SDI                        1.12 USD
  Expenses:Taxes:Y2021:US:SocSec                   281.54 USD
  Assets:US:Federal:PreTax401k                   -1200.00 IRAUSD
  Expenses:Taxes:Y2021:US:Federal:PreTax401k      1200.00 IRAUSD
  Assets:US:Hooli:Vacation                              5 VACHR
  Income:US:Hooli:Vacation                             -5 VACHR

2021-04-08 * "Hooli" "Payroll"
  Assets:US:BofA:Checking                         1350.60 USD
  Assets:US:Vanguard:Cash                         1200.00 USD
  Income:US:Hooli:Salary                         -4615.38 USD
  Income:US:Hooli:GroupTermLife                    -24.32 USD
  Expenses:Health:Life:GroupTermLife                24.32 USD
  Expenses:Health:Dental:Insurance                   2.90 USD
  Expenses:Health:Medical:Insurance                 27.38 USD
  Expenses:Health:Vision:Insurance                  42.30 USD
  Expenses:Taxes:Y2021:US:Medicare                 106.62 USD
  Expenses:Taxes:Y2021:US:Federal                 1062.92 USD
  Expenses:Taxes:Y2021:US:State                    365.08 USD
  Expenses:Taxes:Y2021:US:CityNYC                  174.92 USD
  Expenses:Taxes:Y2021:US:SDI                        1.12 USD
  Expenses:Taxes:Y2021:US:SocSec                   281.54 USD
  Assets:US:Federal:PreTax401k                   -1200.00 IRAUSD
  Expenses:Taxes:Y2021:US:Federal:PreTax401k      1200.00 IRAUSD
  Assets:US:Hooli:Vacation                              5 VACHR
  Income:US:Hooli:Vacation                             -5 VACHR

2021-04-22 * "Hooli" "Payroll"
  Assets:US:BofA:Checking                         1350.60 USD
  Assets:US:Vanguard:Cash                         1200.00 USD
  Income:US:Hooli:Salary                         -4615.38 USD
  Income:US:Hooli:GroupTermLife                    -24.32 USD
  Expenses:Health:Life:GroupTermLife                24.32 USD
  Expenses:Health:Dental:Insurance                   2.90 USD
  Expenses:Health:Medical:Insurance                 27.38 USD
  Expenses:Health:Vision:Insurance                  42.30 USD
  Expenses:Taxes:Y2021:US:Medicare                 106.62 USD
  Expenses:Taxes:Y2021:US:Federal                 1062.92 USD
  Expenses:Taxes:Y2021:US:State                    365.08 USD
  Expenses:Taxes:Y2021:US:CityNYC                  174.92 USD
  Expenses:Taxes:Y2021:US:SDI                        1.12 USD
  Expenses:Taxes:Y2021:US:SocSec                   281.54 USD
  Assets:US:Federal:PreTax401k                   -1200.00 IRAUSD
  Expenses:Taxes:Y2021:US:Federal:PreTax401k      1200.00 IRAUSD
  Assets:US:Hooli:Vacation                              5 VACHR
  Income:US:Hooli:Vacation                             -5 VACHR

2021-05-06 * "Hooli" "Payroll"
  Assets:US:BofA:Checking                         1350.60 USD
  Assets:US:Vanguard:Cash                         1200.00 USD
  Income:US:Hooli:Salary                         -4615.38 USD
  Income:US:Hooli:GroupTermLife                    -24.32 USD
  Expenses:Health:Life:GroupTermLife                24.32 USD
  Expenses:Health:Dental:Insurance                   2.90 USD
  Expenses:Health:Medical:Insurance                 27.38 USD
  Expenses:Health:Vision:Insurance                  42.30 USD
  Expenses:Taxes:Y2021:US:Medicare                 106.62 USD
  Expenses:Taxes:Y2021:US:Federal                 1062.92 USD
  Expenses:Taxes:Y2021:US:State                    365.08 USD
  Expenses:Taxes:Y2021:US:CityNYC                  174.92 USD
  Expenses:Taxes:Y2021:US:SDI                        1.12 USD
  Expenses:Taxes:Y2021:US:SocSec                   281.54 USD
  Assets:US:Federal:PreTax401k                   -1200.00 IRAUSD
  Expenses:Taxes:Y2021:US:Federal:PreTax401k      1200.00 IRAUSD
  Assets:US:Hooli:Vacation                              5 VACHR
  Income:US:Hooli:Vacation                             -5 VACHR

2021-05-20 * "Hooli" "Payroll"
  Assets:US:BofA:Checking                         1350.60 USD
  Assets:US:Vanguard:Cash                         1200.00 USD
  Income:US:Hooli:Salary                         -4615.38 USD
  Income:US:Hooli:GroupTermLife                    -24.32 USD
  Expenses:Health:Life:GroupTermLife                24.32 USD
  Expenses:Health:Dental:Insurance                   2.90 USD
  Expenses:Health:Medical:Insurance                 27.38 USD
  Expenses:Health:Vision:Insurance                  42.30 USD
  Expenses:Taxes:Y2021:US:Medicare                 106.62 USD
  Expenses:Taxes:Y2021:US:Federal                 1062.92 USD
  Expenses:Taxes:Y2021:US:State                    365.08 USD
  Expenses:Taxes:Y2021:US:CityNYC                  174.92 USD
  Expenses:Taxes:Y2021:US:SDI                        1.12 USD
  Expenses:Taxes:Y2021:US:SocSec                   281.54 USD
  Assets:US:Federal:PreTax401k                   -1200.00 IRAUSD
  Expenses:Taxes:Y2021:US:Federal:PreTax401k      1200.00 IRAUSD
  Assets:US:Hooli:Vacation                              5 VACHR
  Income:US:Hooli:Vacation                             -5 VACHR

2021-06-03 * "Hooli" "Payroll"
  Assets:US:BofA:Checking                         1350.60 USD
  Assets:US:Vanguard:Cash                         1200.00 USD
  Income:US:Hooli:Salary                         -4615.38 USD
  Income:US:Hooli:GroupTermLife                    -24.32 USD
  Expenses:Health:Life:GroupTermLife                24.32 USD
  Expenses:Health:Dental:Insurance                   2.90 USD
  Expenses:Health:Medical:Insurance                 27.38 USD
  Expenses:Health:Vision:Insurance                  42.30 USD
  Expenses:Taxes:Y2021:US:Medicare                 106.62 USD
  Expenses:Taxes:Y2021:US:Federal                 1062.92 USD
  Expenses:Taxes:Y2021:US:State                    365.08 USD
  Expenses:Taxes:Y2021:US:CityNYC                  174.92 USD
  Expenses:Taxes:Y2021:US:SDI                        1.12 USD
  Expenses:Taxes:Y2021:US:SocSec                   281.54 USD
  Assets:US:Federal:PreTax401k                   -1200.00 IRAUSD
  Expenses:Taxes:Y2021:US:Federal:PreTax401k      1200.00 IRAUSD
  Assets:US:Hooli:Vacation                              5 VACHR
  Income:US:Hooli:Vacation                             -5 VACHR

2021-06-17 * "Hooli" "Payroll"
  Assets:US:BofA:Checking                         1350.60 USD
  Assets:US:Vanguard:Cash                         1200.00 USD
  Income:US:Hooli:Salary                         -4615.38 USD
  Income:US:Hooli:GroupTermLife                    -24.32 USD
  Expenses:Health:Life:GroupTermLife                24.32 USD
  Expenses:Health:Dental:Insurance                   2.90 USD
  Expenses:Health:Medical:Insurance                 27.38 USD
  Expenses:Health:Vision:Insurance                  42.30 USD
  Expenses:Taxes:Y2021:US:Medicare                 106.62 USD
  Expenses:Taxes:Y2021:US:Federal                 1062.92 USD
  Expenses:Taxes:Y2021:US:State                    365.08 USD
  Expenses:Taxes:Y2021:US:CityNYC                  174.92 USD
  Expenses:Taxes:Y2021:US:SDI                        1.12 USD
  Expenses:Taxes:Y2021:US:SocSec                   281.54 USD
  Assets:US:Federal:PreTax401k                   -1200.00 IRAUSD
  Expenses:Taxes:Y2021:US:Federal:PreTax401k      1200.00 IRAUSD
  Assets:US:Hooli:Vacation                              5 VACHR
  Income:US:Hooli:Vacation                             -5 VACHR

2021-07-01 * "Hooli" "Payroll"
  Assets:US:BofA:Checking                         1350.60 USD
  Assets:US:Vanguard:Cash                         1200.00 USD
  Income:US:Hooli:Salary                         -4615.38 USD
  Income:US:Hooli:GroupTermLife                    -24.32 USD
  Expenses:Health:Life:GroupTermLife                24.32 USD
  Expenses:Health:Dental:Insurance                   2.90 USD
  Expenses:Health:Medical:Insurance                 27.38 USD
  Expenses:Health:Vision:Insurance                  42.30 USD
  Expenses:Taxes:Y2021:US:Medicare                 106.62 USD
  Expenses:Taxes:Y2021:US:Federal                 1062.92 USD
  Expenses:Taxes:Y2021:US:State                    365.08 USD
  Expenses:Taxes:Y2021:US:CityNYC                  174.92 USD
  Expenses:Taxes:Y2021:US:SDI                        1.12 USD
  Expenses:Taxes:Y2021:US:SocSec                   281.54 USD
  Assets:US:Federal:PreTax401k                   -1200.00 IRAUSD
  Expenses:Taxes:Y2021:US:Federal:PreTax401k      1200.00 IRAUSD
  Assets:US:Hooli:Vacation                              5 VACHR
  Income:US:Hooli:Vacation                             -5 VACHR

2021-07-15 * "Hooli" "Payroll"
  Assets:US:BofA:Checking                         1350.60 USD
  Assets:US:Vanguard:Cash                         1200.00 USD
  Income:US:Hooli:Salary                         -4615.38 USD
  Income:US:Hooli:GroupTermLife                    -24.32 USD
  Expenses:Health:Life:GroupTermLife                24.32 USD
  Expenses:Health:Dental:Insurance                   2.90 USD
  Expenses:Health:Medical:Insurance                 27.38 USD
  Expenses:Health:Vision:Insurance                  42.30 USD
  Expenses:Taxes:Y2021:US:Medicare                 106.62 USD
  Expenses:Taxes:Y2021:US:Federal                 1062.92 USD
  Expenses:Taxes:Y2021:US:State                    365.08 USD
  Expenses:Taxes:Y2021:US:CityNYC                  174.92 USD
  Expenses:Taxes:Y2021:US:SDI                        1.12 USD
  Expenses:Taxes:Y2021:US:SocSec                   281.54 USD
  Assets:US:Federal:PreTax401k                   -1200.00 IRAUSD
  Expenses:Taxes:Y2021:US:Federal:PreTax401k      1200.00 IRAUSD
  Assets:US:Hooli:Vacation                              5 VACHR
  Income:US:Hooli:Vacation                             -5 VACHR

2021-07-29 * "Hooli" "Payroll"
  Assets:US:BofA:Checking                         1350.60 USD
  Assets:US:Vanguard:Cash                         1200.00 USD
  Income:US:Hooli:Salary                         -4615.38 USD
  Income:US:Hooli:GroupTermLife                    -24.32 USD
  Expenses:Health:Life:GroupTermLife                24.32 USD
  Expenses:Health:Dental:Insurance                   2.90 USD
  Expenses:Health:Medical:Insurance                 27.38 USD
  Expenses:Health:Vision:Insurance                  42.30 USD
  Expenses:Taxes:Y2021:US:Medicare                 106.62 USD
  Expenses:Taxes:Y2021:US:Federal                 1062.92 USD
  Expenses:Taxes:Y2021:US:State                    365.08 USD
  Expenses:Taxes:Y2021:US:CityNYC                  174.92 USD
  Expenses:Taxes:Y2021:US:SDI                        1.12 USD
  Expenses:Taxes:Y2021:US:SocSec                   281.54 USD
  Assets:US:Federal:PreTax401k                   -1200.00 IRAUSD
  Expenses:Taxes:Y2021:US:Federal:PreTax401k      1200.00 IRAUSD
  Assets:US:Hooli:Vacation                              5 VACHR
  Income:US:Hooli:Vacation                             -5 VACHR

2021-08-12 * "Hooli" "Payroll"
  Assets:US:BofA:Checking                         2050.60 USD
  Assets:US:Vanguard:Cash                          500.00 USD
  Income:US:Hooli:Salary                         -4615.38 USD
  Income:US:Hooli:GroupTermLife                    -24.32 USD
  Expenses:Health:Life:GroupTermLife                24.32 USD
  Expenses:Health:Dental:Insurance                   2.90 USD
  Expenses:Health:Medical:Insurance                 27.38 USD
  Expenses:Health:Vision:Insurance                  42.30 USD
  Expenses:Taxes:Y2021:US:Medicare                 106.62 USD
  Expenses:Taxes:Y2021:US:Federal                 1062.92 USD
  Expenses:Taxes:Y2021:US:State                    365.08 USD
  Expenses:Taxes:Y2021:US:CityNYC                  174.92 USD
  Expenses:Taxes:Y2021:US:SDI                        1.12 USD
  Expenses:Taxes:Y2021:US:SocSec                   281.54 USD
  Assets:US:Federal:PreTax401k                    -500.00 IRAUSD
  Expenses:Taxes:Y2021:US:Federal:PreTax401k       500.00 IRAUSD
  Assets:US:Hooli:Vacation                              5 VACHR
  Income:US:Hooli:Vacation                             -5 VACHR

2021-08-26 * "Hooli" "Payroll"
  Assets:US:BofA:Checking                         2550.60 USD
  Income:US:Hooli:Salary                         -4615.38 USD
  Income:US:Hooli:GroupTermLife                    -24.32 USD
  Expenses:Health:Life:GroupTermLife                24.32 USD
  Expenses:Health:Dental:Insurance                   2.90 USD
  Expenses:Health:Medical:Insurance                 27.38 USD
  Expenses:Health:Vision:Insurance                  42.30 USD
  Expenses:Taxes:Y2021:US:Medicare                 106.62 USD
  Expenses:Taxes:Y2021:US:Federal                 1062.92 USD
  Expenses:Taxes:Y2021:US:State                    365.08 USD
  Expenses:Taxes:Y2021:US:CityNYC                  174.92 USD
  Expenses:Taxes:Y2021:US:SDI                        1.12 USD
  Expenses:Taxes:Y2021:US:SocSec                   281.54 USD
  Assets:US:Federal:PreTax401k                       0.00 IRAUSD
  Assets:US:Hooli:Vacation                              5 VACHR
  Income:US:Hooli:Vacation                             -5 VACHR

2021-09-09 * "Hooli" "Payroll"
  Assets:US:BofA:Checking                         2550.60 USD
  Income:US:Hooli:Salary                         -4615.38 USD
  Income:US:Hooli:GroupTermLife                    -24.32 USD
  Expenses:Health:Life:GroupTermLife                24.32 USD
  Expenses:Health:Dental:Insurance                   2.90 USD
  Expenses:Health:Medical:Insurance                 27.38 USD
  Expenses:Health:Vision:Insurance                  42.30 USD
  Expenses:Taxes:Y2021:US:Medicare                 106.62 USD
  Expenses:Taxes:Y2021:US:Federal                 1062.92 USD
  Expenses:Taxes:Y2021:US:State                    365.08 USD
  Expenses:Taxes:Y2021:US:CityNYC                  174.92 USD
  Expenses:Taxes:Y2021:US:SDI                        1.12 USD
  Expenses:Taxes:Y2021:US:SocSec                   281.54 USD
  Assets:US:Federal:PreTax401k                       0.00 IRAUSD
  Assets:US:Hooli:Vacation                              5 VACHR
  Income:US:Hooli:Vacation                             -5 VACHR



* Taxes

1980-05-12 open Income:US:Federal:PreTax401k                    IRAUSD
1980-05-12 open Assets:US:Federal:PreTax401k                    IRAUSD



** Tax Year 2019

2019-01-01 open Expenses:Taxes:Y2019:US:Federal:PreTax401k      IRAUSD
2019-01-01 open Expenses:Taxes:Y2019:US:Medicare                USD
2019-01-01 open Expenses:Taxes:Y2019:US:Federal                 USD
2019-01-01 open Expenses:Taxes:Y2019:US:CityNYC                 USD
2019-01-01 open Expenses:Taxes:Y2019:US:SDI                     USD
2019-01-01 open Expenses:Taxes:Y2019:US:State                   USD
2019-01-01 open Expenses:Taxes:Y2019:US:SocSec                  USD

2019-01-01 balance Assets:US:Federal:PreTax401k         0 IRAUSD

2019-01-01 * "Allowed contributions for one year"
  Income:US:Federal:PreTax401k                     -18500 IRAUSD
  Assets:US:Federal:PreTax401k                      18500 IRAUSD

2020-03-25 * "Filing taxes for 2019"
  Expenses:Taxes:Y2019:US:Federal                  351.29 USD
  Expenses:Taxes:Y2019:US:State                    249.56 USD
  Liabilities:AccountsPayable                     -600.85 USD

2020-03-29 * "FEDERAL TAXPYMT"
  Assets:US:BofA:Checking                         -351.29 USD
  Liabilities:AccountsPayable                      351.29 USD

2020-03-29 * "STATE TAX & FINANC PYMT"
  Assets:US:BofA:Checking                         -249.56 USD
  Liabilities:AccountsPayable                      249.56 USD



** Tax Year 2020

2020-01-01 open Expenses:Taxes:Y2020:US:Federal:PreTax401k      IRAUSD
2020-01-01 open Expenses:Taxes:Y2020:US:Medicare                USD
2020-01-01 open Expenses:Taxes:Y2020:US:Federal                 USD
2020-01-01 open Expenses:Taxes:Y2020:US:CityNYC                 USD
2020-01-01 open Expenses:Taxes:Y2020:US:SDI                     USD
2020-01-01 open Expenses:Taxes:Y2020:US:State                   USD
2020-01-01 open Expenses:Taxes:Y2020:US:SocSec                  USD

2020-01-01 balance Assets:US:Federal:PreTax401k         0 IRAUSD

2020-01-01 * "Allowed contributions for one year"
  Income:US:Federal:PreTax401k                     -18500 IRAUSD
  Assets:US:Federal:PreTax401k                      18500 IRAUSD

2021-03-22 * "Filing taxes for 2020"
  Expenses:Taxes:Y2020:US:Federal                  432.04 USD
  Expenses:Taxes:Y2020:US:State                    210.05 USD
  Liabilities:AccountsPayable                     -642.09 USD

2021-03-23 * "FEDERAL TAXPYMT"
  Assets:US:BofA:Checking                         -432.04 USD
  Liabilities:AccountsPayable                      432.04 USD

2021-03-23 * "STATE TAX & FINANC PYMT"
  Assets:US:BofA:Checking                         -210.05 USD
  Liabilities:AccountsPayable                      210.05 USD



** Tax Year 2021

2021-01-01 open Expenses:Taxes:Y2021:US:Federal:PreTax401k      IRAUSD
2021-01-01 open Expenses:Taxes:Y2021:US:Medicare                USD
2021-01-01 open Expenses:Taxes:Y2021:US:Federal                 USD
2021-01-01 open Expenses:Taxes:Y2021:US:CityNYC                 USD
2021-01-01 open Expenses:Taxes:Y2021:US:SDI                     USD
2021-01-01 open Expenses:Taxes:Y2021:US:State                   USD
2021-01-01 open Expenses:Taxes:Y2021:US:SocSec                  USD

2021-01-01 balance Assets:US:Federal:PreTax401k         0 IRAUSD

2021-01-01 * "Allowed contributions for one year"
  Income:US:Federal:PreTax401k                     -18500 IRAUSD
  Assets:US:Federal:PreTax401k                      18500 IRAUSD



* Expenses

1980-05-12 open Expenses:Food:Groceries
1980-05-12 open Expenses:Food:Restaurant
1980-05-12 open Expenses:Food:Coffee
1980-05-12 open Expenses:Food:Alcohol
1980-05-12 open Expenses:Transport:Tram
1980-05-12 open Expenses:Home:Rent
1980-05-12 open Expenses:Home:Electricity
1980-05-12 open Expenses:Home:Internet
1980-05-12 open Expenses:Home:Phone
1980-05-12 open Expenses:Financial:Fees
1980-05-12 open Expenses:Financial:Commissions



* Prices

2019-01-04 price VBMPX                              94.83 USD
2019-01-04 price RGAGX                             123.69 USD
2019-01-04 price ITOT                               47.15 USD
2019-01-04 price VEA                                70.87 USD
2019-01-04 price VHT                               198.31 USD
2019-01-04 price GLD                                63.68 USD
2019-01-11 price VBMPX                              96.22 USD
2019-01-11 price RGAGX                             122.92 USD
2019-01-11 price ITOT                               47.45 USD
2019-01-11 price VEA                                71.13 USD
2019-01-11 price VHT                               199.97 USD
2019-01-11 price GLD                                63.28 USD
2019-01-18 price VBMPX                              94.22 USD
2019-01-18 price RGAGX                             122.02 USD
2019-01-18 price ITOT                               47.58 USD
2019-01-18 price VEA                                71.02 USD
2019-01-18 price VHT                               199.70 USD
2019-01-18 price GLD                                63.78 USD
2019-01-25 price VBMPX                              94.64 USD
2019-01-25 price RGAGX                             122.54 USD
2019-01-25 price ITOT                               47.51 USD
2019-01-25 price VEA                                71.69 USD
2019-01-25 price VHT                               199.09 USD
2019-01-25 price GLD                                63.99 USD
2019-02-01 price VBMPX                              96.97 USD
2019-02-01 price RGAGX                             122.20 USD
2019-02-01 price ITOT                               47.46 USD
2019-02-01 price VEA                                71.96 USD
2019-02-01 price VHT                               200.11 USD
2019-02-01 price GLD                                63.81 USD
2019-02-08 price VBMPX                              98.01 USD
2019-02-08 price RGAGX                             124.39 USD
2019-02-08 price ITOT                               47.48 USD
2019-02-08 price VEA                                71.70 USD
2019-02-08 price VHT                               203.39 USD
2019-02-08 price GLD                                64.08 USD
2019-02-15 price VBMPX                              98.21 USD
2019-02-15 price RGAGX                             124.72 USD
2019-02-15 price ITOT                               47.30 USD
2019-02-15 price VEA                                72.25 USD
2019-02-15 price VHT                               205.41 USD
2019-02-15 price GLD                                63.44 USD
2019-02-22 price VBMPX                             101.78 USD
2019-02-22 price RGAGX                             125.32 USD
2019-02-22 price ITOT                               47.21 USD
2019-02-22 price VEA                                72.82 USD
2019-02-22 price VHT                               207.00 USD
2019-02-22 price GLD                                62.91 USD
2019-03-01 price VBMPX                             102.70 USD
2019-03-01 price RGAGX                             126.71 USD
2019-03-01 price ITOT                               47.32 USD
2019-03-01 price VEA                                72.01 USD
2019-03-01 price VHT                               208.14 USD
2019-03-01 price GLD                                63.06 USD
2019-03-08 price VBMPX                             102.18 USD
2019-03-08 price RGAGX                             124.19 USD
2019-03-08 price ITOT                               47.17 USD
2019-03-08 price VEA                                71.74 USD
2019-03-08 price VHT                               210.04 USD
2019-03-08 price GLD                                62.30 USD
2019-03-15 price VBMPX                             104.52 USD
2019-03-15 price RGAGX                             122.35 USD
2019-03-15 price ITOT                               47.27 USD
2019-03-15 price VEA                                71.59 USD
2019-03-15 price VHT                               210.41 USD
2019-03-15 price GLD                                62.34 USD
2019-03-22 price VBMPX                             103.81 USD
2019-03-22 price RGAGX                             122.70 USD
2019-03-22 price ITOT                               47.52 USD
2019-03-22 price VEA                                71.46 USD
2019-03-22 price VHT                               213.36 USD
2019-03-22 price GLD                                61.16 USD
2019-03-29 price VBMPX                             104.87 USD
2019-03-29 price RGAGX                             122.37 USD
2019-03-29 price ITOT                               47.89 USD
2019-03-29 price VEA                                72.87 USD
2019-03-29 price VHT                               211.81 USD
2019-03-29 price GLD                                61.10 USD
2019-04-05 price VBMPX                             103.89 USD
2019-04-05 price RGAGX                             123.19 USD
2019-04-05 price ITOT                               48.37 USD
2019-04-05 price VEA                                73.50 USD
2019-04-05 price VHT                               213.89 USD
2019-04-05 price GLD                                60.52 USD
2019-04-12 price VBMPX                             103.06 USD
2019-04-12 price RGAGX                             123.26 USD
2019-04-12 price ITOT                               47.86 USD
2019-04-12 price VEA                                73.87 USD
2019-04-12 price VHT                               211.20 USD
2019-04-12 price GLD                                59.50 USD
2019-04-19 price VBMPX                             104.48 USD
2019-04-19 price RGAGX                             123.53 USD
2019-04-19 price ITOT                               47.74 USD
2019-04-19 price VEA                                74.40 USD
2019-04-19 price VHT                               211.38 USD
2019-04-19 price GLD                                60.19 USD
2019-04-26 price VBMPX                             103.99 USD
2019-04-26 price RGAGX                             121.23 USD
2019-04-26 price ITOT                               48.06 USD
2019-04-26 price VEA                                74.41 USD
2019-04-26 price VHT                               212.69 USD
2019-04-26 price GLD                                59.98 USD
2019-05-03 price VBMPX                             105.87 USD
2019-05-03 price RGAGX                             122.87 USD
2019-05-03 price ITOT                               47.66 USD
2019-05-03 price VEA                                74.56 USD
2019-05-03 price VHT                               212.91 USD
2019-05-03 price GLD                                60.83 USD
2019-05-10 price VBMPX                             102.71 USD
2019-05-10 price RGAGX                             124.03 USD
2019-05-10 price ITOT                               47.66 USD
2019-05-10 price VEA                                73.42 USD
2019-05-10 price VHT                               211.70 USD
2019-05-10 price GLD                                60.27 USD
2019-05-17 price VBMPX                             106.23 USD
2019-05-17 price RGAGX                             124.00 USD
2019-05-17 price ITOT                               47.25 USD
2019-05-17 price VEA                                73.74 USD
2019-05-17 price VHT                               212.34 USD
2019-05-17 price GLD                                59.42 USD
2019-05-24 price VBMPX                             106.11 USD
2019-05-24 price RGAGX                             125.12 USD
2019-05-24 price ITOT                               47.78 USD
2019-05-24 price VEA                                74.48 USD
2019-05-24 price VHT                               214.05 USD
2019-05-24 price GLD                                59.52 USD
2019-05-31 price VBMPX                             104.62 USD
2019-05-31 price RGAGX                             124.09 USD
2019-05-31 price ITOT                               47.58 USD
2019-05-31 price VEA                                74.44 USD
2019-05-31 price VHT                               215.31 USD
2019-05-31 price GLD                                59.27 USD
2019-06-07 price VBMPX                             103.85 USD
2019-06-07 price RGAGX                             123.94 USD
2019-06-07 price ITOT                               47.96 USD
2019-06-07 price VEA                                75.01 USD
2019-06-07 price VHT                               214.84 USD
2019-06-07 price GLD                                59.80 USD
2019-06-14 price VBMPX                             103.89 USD
2019-06-14 price RGAGX                             122.67 USD
2019-06-14 price ITOT                               48.35 USD
2019-06-14 price VEA                                75.43 USD
2019-06-14 price VHT                               212.08 USD
2019-06-14 price GLD                                59.70 USD
2019-06-21 price VBMPX                             102.21 USD
2019-06-21 price RGAGX                             123.57 USD
2019-06-21 price ITOT                               48.80 USD
2019-06-21 price VEA                                75.33 USD
2019-06-21 price VHT                               213.18 USD
2019-06-21 price GLD                                59.61 USD
2019-06-28 price VBMPX                             101.06 USD
2019-06-28 price RGAGX                             123.72 USD
2019-06-28 price ITOT                               48.52 USD
2019-06-28 price VEA                                75.71 USD
2019-06-28 price VHT                               211.92 USD
2019-06-28 price GLD                                59.91 USD
2019-07-05 price VBMPX                             103.96 USD
2019-07-05 price RGAGX                             124.44 USD
2019-07-05 price ITOT                               48.25 USD
2019-07-05 price VEA                                75.35 USD
2019-07-05 price VHT                               210.47 USD
2019-07-05 price GLD                                59.91 USD
2019-07-12 price VBMPX                             105.09 USD
2019-07-12 price RGAGX                             124.69 USD
2019-07-12 price ITOT                               48.13 USD
2019-07-12 price VEA                                75.68 USD
2019-07-12 price VHT                               211.00 USD
2019-07-12 price GLD                                58.87 USD
2019-07-19 price VBMPX                             108.30 USD
2019-07-19 price RGAGX                             123.89 USD
2019-07-19 price ITOT                               48.77 USD
2019-07-19 price VEA                                75.54 USD
2019-07-19 price VHT                               210.66 USD
2019-07-19 price GLD                                57.80 USD
2019-07-26 price VBMPX                             108.64 USD
2019-07-26 price RGAGX                             122.91 USD
2019-07-26 price ITOT                               49.31 USD
2019-07-26 price VEA                                75.71 USD
2019-07-26 price VHT                               207.88 USD
2019-07-26 price GLD                                58.44 USD
2019-08-02 price VBMPX                             105.75 USD
2019-08-02 price RGAGX                             123.22 USD
2019-08-02 price ITOT                               49.19 USD
2019-08-02 price VEA                                75.59 USD
2019-08-02 price VHT                               209.64 USD
2019-08-02 price GLD                                59.54 USD
2019-08-09 price VBMPX                             105.49 USD
2019-08-09 price RGAGX                             124.01 USD
2019-08-09 price ITOT                               49.34 USD
2019-08-09 price VEA                                76.07 USD
2019-08-09 price VHT                               208.78 USD
2019-08-09 price GLD                                60.12 USD
2019-08-16 price VBMPX                             104.40 USD
2019-08-16 price RGAGX                             123.94 USD
2019-08-16 price ITOT                               48.83 USD
2019-08-16 price VEA                                76.70 USD
2019-08-16 price VHT                               207.83 USD
2019-08-16 price GLD                                60.21 USD
2019-08-23 price VBMPX                             102.30 USD
2019-08-23 price RGAGX                             124.52 USD
2019-08-23 price ITOT                               48.62 USD
2019-08-23 price VEA                                77.69 USD
2019-08-23 price VHT                               206.83 USD
2019-08-23 price GLD                                60.52 USD
2019-08-30 price VBMPX                             103.61 USD
2019-08-30 price RGAGX                             127.06 USD
2019-08-30 price ITOT                               48.95 USD
2019-08-30 price VEA                                77.90 USD
2019-08-30 price VHT                               207.45 USD
2019-08-30 price GLD                                61.33 USD
2019-09-06 price VBMPX                             104.02 USD
2019-09-06 price RGAGX                             128.12 USD
2019-09-06 price ITOT                               48.47 USD
2019-09-06 price VEA                                77.49 USD
2019-09-06 price VHT                               204.86 USD
2019-09-06 price GLD                                61.82 USD
2019-09-13 price VBMPX                             106.05 USD
2019-09-13 price RGAGX                             128.18 USD
2019-09-13 price ITOT                               48.57 USD
2019-09-13 price VEA                                77.54 USD
2019-09-13 price VHT                               206.27 USD
2019-09-13 price GLD                                61.86 USD
2019-09-20 price VBMPX                             107.27 USD
2019-09-20 price RGAGX                             128.10 USD
2019-09-20 price ITOT                               49.11 USD
2019-09-20 price VEA                                77.71 USD
2019-09-20 price VHT                               206.95 USD
2019-09-20 price GLD                                60.89 USD
2019-09-27 price VBMPX                             107.07 USD
2019-09-27 price RGAGX                             127.99 USD
2019-09-27 price ITOT                               49.14 USD
2019-09-27 price VEA                                77.47 USD
2019-09-27 price VHT                               206.10 USD
2019-09-27 price GLD                                61.58 USD
2019-10-04 price VBMPX                             103.10 USD
2019-10-04 price RGAGX                             127.05 USD
2019-10-04 price ITOT                               49.48 USD
2019-10-04 price VEA                                77.10 USD
2019-10-04 price VHT                               204.47 USD
2019-10-04 price GLD                                60.75 USD
2019-10-11 price VBMPX                             103.95 USD
2019-10-11 price RGAGX                             128.69 USD
2019-10-11 price ITOT                               49.82 USD
2019-10-11 price VEA                                77.83 USD
2019-10-11 price VHT                               205.59 USD
2019-10-11 price GLD                                60.63 USD
2019-10-18 price VBMPX                             101.81 USD
2019-10-18 price RGAGX                             129.35 USD
2019-10-18 price ITOT                               49.21 USD
2019-10-18 price VEA                                79.36 USD
2019-10-18 price VHT                               205.34 USD
2019-10-18 price GLD                                60.84 USD
2019-10-25 price VBMPX                             103.79 USD
2019-10-25 price RGAGX                             130.51 USD
2019-10-25 price ITOT                               49.51 USD
2019-10-25 price VEA                                79.75 USD
2019-10-25 price VHT                               202.82 USD
2019-10-25 price GLD                                60.59 USD
2019-11-01 price VBMPX                             104.76 USD
2019-11-01 price RGAGX                             131.71 USD
2019-11-01 price ITOT                               49.21 USD
2019-11-01 price VEA                                79.90 USD
2019-11-01 price VHT                               204.66 USD
2019-11-01 price GLD                                61.39 USD
2019-11-08 price VBMPX                             108.01 USD
2019-11-08 price RGAGX                             133.79 USD
2019-11-08 price ITOT                               49.17 USD
2019-11-08 price VEA                                80.11 USD
2019-11-08 price VHT                               203.41 USD
2019-11-08 price GLD                                61.19 USD
2019-11-15 price VBMPX                             105.16 USD
2019-11-15 price RGAGX                             134.51 USD
2019-11-15 price ITOT                               48.90 USD
2019-11-15 price VEA                                78.98 USD
2019-11-15 price VHT                               203.12 USD
2019-11-15 price GLD                                61.14 USD
2019-11-22 price VBMPX                             107.62 USD
2019-11-22 price RGAGX                             135.34 USD
2019-11-22 price ITOT                               49.09 USD
2019-11-22 price VEA                                78.76 USD
2019-11-22 price VHT                               202.49 USD
2019-11-22 price GLD                                61.14 USD
2019-11-29 price VBMPX                             106.73 USD
2019-11-29 price RGAGX                             133.77 USD
2019-11-29 price ITOT                               49.12 USD
2019-11-29 price VEA                                78.79 USD
2019-11-29 price VHT                               203.50 USD
2019-11-29 price GLD                                60.38 USD
2019-12-06 price VBMPX                             105.15 USD
2019-12-06 price RGAGX                             135.58 USD
2019-12-06 price ITOT                               48.97 USD
2019-12-06 price VEA                                78.85 USD
2019-12-06 price VHT                               204.02 USD
2019-12-06 price GLD                                60.53 USD
2019-12-13 price VBMPX                             104.99 USD
2019-12-13 price RGAGX                             135.84 USD
2019-12-13 price ITOT                               49.07 USD
2019-12-13 price VEA                                78.72 USD
2019-12-13 price VHT                               204.07 USD
2019-12-13 price GLD                                60.49 USD
2019-12-20 price VBMPX                             104.47 USD
2019-12-20 price RGAGX                             137.61 USD
2019-12-20 price ITOT                               49.55 USD
2019-12-20 price VEA                                77.91 USD
2019-12-20 price VHT                               205.28 USD
2019-12-20 price GLD                                61.00 USD
2019-12-27 price VBMPX                             106.11 USD
2019-12-27 price RGAGX                             138.47 USD
2019-12-27 price ITOT                               49.67 USD
2019-12-27 price VEA                                77.92 USD
2019-12-27 price VHT                               202.94 USD
2019-12-27 price GLD                                61.31 USD
2020-01-03 price VBMPX                             104.01 USD
2020-01-03 price RGAGX                             140.05 USD
2020-01-03 price ITOT                               49.38 USD
2020-01-03 price VEA                                78.23 USD
2020-01-03 price VHT                               205.59 USD
2020-01-03 price GLD                                60.59 USD
2020-01-10 price VBMPX                             104.06 USD
2020-01-10 price RGAGX                             141.52 USD
2020-01-10 price ITOT                               49.55 USD
2020-01-10 price VEA                                78.38 USD
2020-01-10 price VHT                               205.30 USD
2020-01-10 price GLD                                60.85 USD
2020-01-17 price VBMPX                             105.16 USD
2020-01-17 price RGAGX                             141.33 USD
2020-01-17 price ITOT                               49.77 USD
2020-01-17 price VEA                                77.79 USD
2020-01-17 price VHT                               204.72 USD
2020-01-17 price GLD                                61.16 USD
2020-01-24 price VBMPX                             105.01 USD
2020-01-24 price RGAGX                             144.85 USD
2020-01-24 price ITOT                               49.95 USD
2020-01-24 price VEA                                78.00 USD
2020-01-24 price VHT                               205.86 USD
2020-01-24 price GLD                                62.49 USD
2020-01-31 price VBMPX                             107.90 USD
2020-01-31 price RGAGX                             142.97 USD
2020-01-31 price ITOT                               50.31 USD
2020-01-31 price VEA                                78.35 USD
2020-01-31 price VHT                               209.04 USD
2020-01-31 price GLD                                62.00 USD
2020-02-07 price VBMPX                             109.05 USD
2020-02-07 price RGAGX                             142.62 USD
2020-02-07 price ITOT                               50.13 USD
2020-02-07 price VEA                                78.19 USD
2020-02-07 price VHT                               210.65 USD
2020-02-07 price GLD                                63.31 USD
2020-02-14 price VBMPX                             108.36 USD
2020-02-14 price RGAGX                             141.90 USD
2020-02-14 price ITOT                               50.42 USD
2020-02-14 price VEA                                79.59 USD
2020-02-14 price VHT                               211.68 USD
2020-02-14 price GLD                                63.66 USD
2020-02-21 price VBMPX                             104.74 USD
2020-02-21 price RGAGX                             141.51 USD
2020-02-21 price ITOT                               50.80 USD
2020-02-21 price VEA                                79.39 USD
2020-02-21 price VHT                               213.27 USD
2020-02-21 price GLD                                63.67 USD
2020-02-28 price VBMPX                             104.92 USD
2020-02-28 price RGAGX                             141.85 USD
2020-02-28 price ITOT                               51.05 USD
2020-02-28 price VEA                                80.05 USD
2020-02-28 price VHT                               214.55 USD
2020-02-28 price GLD                                64.01 USD
2020-03-06 price VBMPX                             103.50 USD
2020-03-06 price RGAGX                             142.00 USD
2020-03-06 price ITOT                               51.31 USD
2020-03-06 price VEA                                81.02 USD
2020-03-06 price VHT                               211.52 USD
2020-03-06 price GLD                                63.32 USD
2020-03-13 price VBMPX                             105.33 USD
2020-03-13 price RGAGX                             141.40 USD
2020-03-13 price ITOT                               50.99 USD
2020-03-13 price VEA                                81.24 USD
2020-03-13 price VHT                               211.15 USD
2020-03-13 price GLD                                62.91 USD
2020-03-20 price VBMPX                             105.41 USD
2020-03-20 price RGAGX                             139.82 USD
2020-03-20 price ITOT                               50.89 USD
2020-03-20 price VEA                                82.13 USD
2020-03-20 price VHT                               211.55 USD
2020-03-20 price GLD                                62.84 USD
2020-03-27 price VBMPX                             108.77 USD
2020-03-27 price RGAGX                             140.78 USD
2020-03-27 price ITOT                               50.93 USD
2020-03-27 price VEA                                81.73 USD
2020-03-27 price VHT                               210.25 USD
2020-03-27 price GLD                                63.21 USD
2020-04-03 price VBMPX                             111.52 USD
2020-04-03 price RGAGX                             141.28 USD
2020-04-03 price ITOT                               51.20 USD
2020-04-03 price VEA                                81.78 USD
2020-04-03 price VHT                               209.76 USD
2020-04-03 price GLD                                64.20 USD
2020-04-10 price VBMPX                             107.37 USD
2020-04-10 price RGAGX                             142.57 USD
2020-04-10 price ITOT                               51.49 USD
2020-04-10 price VEA                                80.72 USD
2020-04-10 price VHT                               207.79 USD
2020-04-10 price GLD                                64.29 USD
2020-04-17 price VBMPX                             109.25 USD
2020-04-17 price RGAGX                             142.11 USD
2020-04-17 price ITOT                               51.10 USD
2020-04-17 price VEA                                80.47 USD
2020-04-17 price VHT                               207.08 USD
2020-04-17 price GLD                                64.02 USD
2020-04-24 price VBMPX                             110.71 USD
2020-04-24 price RGAGX                             145.52 USD
2020-04-24 price ITOT                               51.34 USD
2020-04-24 price VEA                                79.74 USD
2020-04-24 price VHT                               207.37 USD
2020-04-24 price GLD                                64.73 USD
2020-05-01 price VBMPX                             110.20 USD
2020-05-01 price RGAGX                             146.34 USD
2020-05-01 price ITOT                               51.17 USD
2020-05-01 price VEA                                79.62 USD
2020-05-01 price VHT                               207.17 USD
2020-05-01 price GLD                                64.14 USD
2020-05-08 price VBMPX                             111.37 USD
2020-05-08 price RGAGX                             146.62 USD
2020-05-08 price ITOT                               50.63 USD
2020-05-08 price VEA                                79.39 USD
2020-05-08 price VHT                               207.23 USD
2020-05-08 price GLD                                62.86 USD
2020-05-15 price VBMPX                             114.15 USD
2020-05-15 price RGAGX                             146.62 USD
2020-05-15 price ITOT                               50.84 USD
2020-05-15 price VEA                                79.22 USD
2020-05-15 price VHT                               207.72 USD
2020-05-15 price GLD                                62.09 USD
2020-05-22 price VBMPX                             114.52 USD
2020-05-22 price RGAGX                             147.34 USD
2020-05-22 price ITOT                               51.24 USD
2020-05-22 price VEA                                78.87 USD
2020-05-22 price VHT                               206.34 USD
2020-05-22 price GLD                                61.77 USD
2020-05-29 price VBMPX                             113.95 USD
2020-05-29 price RGAGX                             144.93 USD
2020-05-29 price ITOT                               51.67 USD
2020-05-29 price VEA                                79.09 USD
2020-05-29 price VHT                               205.13 USD
2020-05-29 price GLD                                62.03 USD
2020-06-05 price VBMPX                             110.40 USD
2020-06-05 price RGAGX                             146.94 USD
2020-06-05 price ITOT                               51.49 USD
2020-06-05 price VEA                                79.58 USD
2020-06-05 price VHT                               202.61 USD
2020-06-05 price GLD                                63.10 USD
2020-06-12 price VBMPX                             110.40 USD
2020-06-12 price RGAGX                             145.99 USD
2020-06-12 price ITOT                               51.61 USD
2020-06-12 price VEA                                80.90 USD
2020-06-12 price VHT                               204.32 USD
2020-06-12 price GLD                                65.01 USD
2020-06-19 price VBMPX                             112.43 USD
2020-06-19 price RGAGX                             145.90 USD
2020-06-19 price ITOT                               51.72 USD
2020-06-19 price VEA                                81.60 USD
2020-06-19 price VHT                               205.52 USD
2020-06-19 price GLD                                65.87 USD
2020-06-26 price VBMPX                             115.74 USD
2020-06-26 price RGAGX                             146.59 USD
2020-06-26 price ITOT                               52.62 USD
2020-06-26 price VEA                                81.78 USD
2020-06-26 price VHT                               204.26 USD
2020-06-26 price GLD                                65.78 USD
2020-07-03 price VBMPX                             116.27 USD
2020-07-03 price RGAGX                             146.13 USD
2020-07-03 price ITOT                               52.21 USD
2020-07-03 price VEA                                82.02 USD
2020-07-03 price VHT                               204.72 USD
2020-07-03 price GLD                                66.26 USD
2020-07-10 price VBMPX                             118.74 USD
2020-07-10 price RGAGX                             147.42 USD
2020-07-10 price ITOT                               52.27 USD
2020-07-10 price VEA                                82.19 USD
2020-07-10 price VHT                               207.68 USD
2020-07-10 price GLD                                65.41 USD
2020-07-17 price VBMPX                             119.63 USD
2020-07-17 price RGAGX                             147.15 USD
2020-07-17 price ITOT                               51.65 USD
2020-07-17 price VEA                                82.92 USD
2020-07-17 price VHT                               209.18 USD
2020-07-17 price GLD                                65.90 USD
2020-07-24 price VBMPX                             122.90 USD
2020-07-24 price RGAGX                             147.09 USD
2020-07-24 price ITOT                               51.67 USD
2020-07-24 price VEA                                82.92 USD
2020-07-24 price VHT                               208.35 USD
2020-07-24 price GLD                                66.26 USD
2020-07-31 price VBMPX                             124.64 USD
2020-07-31 price RGAGX                             148.15 USD
2020-07-31 price ITOT                               52.22 USD
2020-07-31 price VEA                                82.98 USD
2020-07-31 price VHT                               210.46 USD
2020-07-31 price GLD                                65.90 USD
2020-08-07 price VBMPX                             124.98 USD
2020-08-07 price RGAGX                             148.36 USD
2020-08-07 price ITOT                               52.53 USD
2020-08-07 price VEA                                82.98 USD
2020-08-07 price VHT                               211.72 USD
2020-08-07 price GLD                                66.84 USD
2020-08-14 price VBMPX                             122.18 USD
2020-08-14 price RGAGX                             149.03 USD
2020-08-14 price ITOT                               52.55 USD
2020-08-14 price VEA                                83.96 USD
2020-08-14 price VHT                               212.50 USD
2020-08-14 price GLD                                67.48 USD
2020-08-21 price VBMPX                             122.42 USD
2020-08-21 price RGAGX                             147.14 USD
2020-08-21 price ITOT                               52.53 USD
2020-08-21 price VEA                                84.16 USD
2020-08-21 price VHT                               214.17 USD
2020-08-21 price GLD                                67.71 USD
2020-08-28 price VBMPX                             131.44 USD
2020-08-28 price RGAGX                             149.10 USD
2020-08-28 price ITOT                               52.64 USD
2020-08-28 price VEA                                84.09 USD
2020-08-28 price VHT                               213.61 USD
2020-08-28 price GLD                                68.04 USD
2020-09-04 price VBMPX                             134.24 USD
2020-09-04 price RGAGX                             147.67 USD
2020-09-04 price ITOT                               52.58 USD
2020-09-04 price VEA                                84.73 USD
2020-09-04 price VHT                               216.36 USD
2020-09-04 price GLD                                67.53 USD
2020-09-11 price VBMPX                             135.76 USD
2020-09-11 price RGAGX                             148.78 USD
2020-09-11 price ITOT                               52.65 USD
2020-09-11 price VEA                                84.20 USD
2020-09-11 price VHT                               217.69 USD
2020-09-11 price GLD                                67.55 USD
2020-09-18 price VBMPX                             137.74 USD
2020-09-18 price RGAGX                             148.55 USD
2020-09-18 price ITOT                               53.00 USD
2020-09-18 price VEA                                83.84 USD
2020-09-18 price VHT                               218.86 USD
2020-09-18 price GLD                                67.45 USD
2020-09-25 price VBMPX                             135.66 USD
2020-09-25 price RGAGX                             147.96 USD
2020-09-25 price ITOT                               53.27 USD
2020-09-25 price VEA                                84.50 USD
2020-09-25 price VHT                               216.92 USD
2020-09-25 price GLD                                67.86 USD
2020-10-02 price VBMPX                             132.10 USD
2020-10-02 price RGAGX                             147.85 USD
2020-10-02 price ITOT                               53.31 USD
2020-10-02 price VEA                                84.85 USD
2020-10-02 price VHT                               216.83 USD
2020-10-02 price GLD                                67.20 USD
2020-10-09 price VBMPX                             134.09 USD
2020-10-09 price RGAGX                             148.62 USD
2020-10-09 price ITOT                               53.27 USD
2020-10-09 price VEA                                85.71 USD
2020-10-09 price VHT                               218.61 USD
2020-10-09 price GLD                                66.89 USD
2020-10-16 price VBMPX                             137.57 USD
2020-10-16 price RGAGX                             147.71 USD
2020-10-16 price ITOT                               52.72 USD
2020-10-16 price VEA                                85.86 USD
2020-10-16 price VHT                               219.29 USD
2020-10-16 price GLD                                66.01 USD
2020-10-23 price VBMPX                             136.51 USD
2020-10-23 price RGAGX                             146.80 USD
2020-10-23 price ITOT                               52.80 USD
2020-10-23 price VEA                                86.47 USD
2020-10-23 price VHT                               220.53 USD
2020-10-23 price GLD                                66.12 USD
2020-10-30 price VBMPX                             137.58 USD
2020-10-30 price RGAGX                             146.62 USD
2020-10-30 price ITOT                               53.18 USD
2020-10-30 price VEA                                86.53 USD
2020-10-30 price VHT                               220.75 USD
2020-10-30 price GLD                                65.58 USD
2020-11-06 price VBMPX                             140.67 USD
2020-11-06 price RGAGX                             146.42 USD
2020-11-06 price ITOT                               53.29 USD
2020-11-06 price VEA                                86.32 USD
2020-11-06 price VHT                               223.21 USD
2020-11-06 price GLD                                66.47 USD
2020-11-13 price VBMPX                             139.48 USD
2020-11-13 price RGAGX                             148.00 USD
2020-11-13 price ITOT                               53.05 USD
2020-11-13 price VEA                                86.56 USD
2020-11-13 price VHT                               224.87 USD
2020-11-13 price GLD                                65.39 USD
2020-11-20 price VBMPX                             139.62 USD
2020-11-20 price RGAGX                             147.41 USD
2020-11-20 price ITOT                               53.27 USD
2020-11-20 price VEA                                86.11 USD
2020-11-20 price VHT                               224.07 USD
2020-11-20 price GLD                                65.07 USD
2020-11-27 price VBMPX                             141.37 USD
2020-11-27 price RGAGX                             149.12 USD
2020-11-27 price ITOT                               53.31 USD
2020-11-27 price VEA                                86.41 USD
2020-11-27 price VHT                               223.97 USD
2020-11-27 price GLD                                65.68 USD
2020-12-04 price VBMPX                             140.81 USD
2020-12-04 price RGAGX                             146.16 USD
2020-12-04 price ITOT                               53.02 USD
2020-12-04 price VEA                                87.12 USD
2020-12-04 price VHT                               222.71 USD
2020-12-04 price GLD                                66.57 USD
2020-12-11 price VBMPX                             138.72 USD
2020-12-11 price RGAGX                             146.89 USD
2020-12-11 price ITOT                               52.90 USD
2020-12-11 price VEA                                87.72 USD
2020-12-11 price VHT                               223.97 USD
2020-12-11 price GLD                                66.04 USD
2020-12-18 price VBMPX                             139.64 USD
2020-12-18 price RGAGX                             147.68 USD
2020-12-18 price ITOT                               52.92 USD
2020-12-18 price VEA                                87.91 USD
2020-12-18 price VHT                               224.02 USD
2020-12-18 price GLD                                66.34 USD
2020-12-25 price VBMPX                             138.00 USD
2020-12-25 price RGAGX                             146.87 USD
2020-12-25 price ITOT                               53.38 USD
2020-12-25 price VEA                                87.69 USD
2020-12-25 price VHT                               228.05 USD
2020-12-25 price GLD                                66.83 USD
2021-01-01 price VBMPX                             137.33 USD
2021-01-01 price RGAGX                             146.93 USD
2021-01-01 price ITOT                               53.01 USD
2021-01-01 price VEA                                87.86 USD
2021-01-01 price VHT                               232.62 USD
2021-01-01 price GLD                                66.99 USD
2021-01-08 price VBMPX                             139.44 USD
2021-01-08 price RGAGX                             146.07 USD
2021-01-08 price ITOT                               52.95 USD
2021-01-08 price VEA                                88.24 USD
2021-01-08 price VHT                               231.69 USD
2021-01-08 price GLD                                67.34 USD
2021-01-15 price VBMPX                             138.17 USD
2021-01-15 price RGAGX                             148.73 USD
2021-01-15 price ITOT                               52.69 USD
2021-01-15 price VEA                                88.43 USD
2021-01-15 price VHT                               233.32 USD
2021-01-15 price GLD                                67.70 USD
2021-01-22 price VBMPX                             139.07 USD
2021-01-22 price RGAGX                             150.93 USD
2021-01-22 price ITOT                               52.96 USD
2021-01-22 price VEA                                89.18 USD
2021-01-22 price VHT                               234.75 USD
2021-01-22 price GLD                                68.13 USD
2021-01-29 price VBMPX                             133.79 USD
2021-01-29 price RGAGX                             150.86 USD
2021-01-29 price ITOT                               52.81 USD
2021-01-29 price VEA                                88.73 USD
2021-01-29 price VHT                               235.66 USD
2021-01-29 price GLD                                68.11 USD
2021-02-05 price VBMPX                             134.22 USD
2021-02-05 price RGAGX                             149.43 USD
2021-02-05 price ITOT                               52.90 USD
2021-02-05 price VEA                                89.04 USD
2021-02-05 price VHT                               233.42 USD
2021-02-05 price GLD                                68.42 USD
2021-02-12 price VBMPX                             136.03 USD
2021-02-12 price RGAGX                             150.31 USD
2021-02-12 price ITOT                               53.04 USD
2021-02-12 price VEA                                90.09 USD
2021-02-12 price VHT                               232.85 USD
2021-02-12 price GLD                                68.86 USD
2021-02-19 price VBMPX                             137.37 USD
2021-02-19 price RGAGX                             150.93 USD
2021-02-19 price ITOT                               53.19 USD
2021-02-19 price VEA                                90.14 USD
2021-02-19 price VHT                               235.64 USD
2021-02-19 price GLD                                69.36 USD
2021-02-26 price VBMPX                             141.21 USD
2021-02-26 price RGAGX                             152.50 USD
2021-02-26 price ITOT                               53.38 USD
2021-02-26 price VEA                                90.72 USD
2021-02-26 price VHT                               239.01 USD
2021-02-26 price GLD                                68.74 USD
2021-03-05 price VBMPX                             137.87 USD
2021-03-05 price RGAGX                             153.26 USD
2021-03-05 price ITOT                               54.12 USD
2021-03-05 price VEA                                91.27 USD
2021-03-05 price VHT                               237.67 USD
2021-03-05 price GLD                                67.51 USD
2021-03-12 price VBMPX                             140.35 USD
2021-03-12 price RGAGX                             153.92 USD
2021-03-12 price ITOT                               54.39 USD
2021-03-12 price VEA                                92.01 USD
2021-03-12 price VHT                               237.09 USD
2021-03-12 price GLD                                66.90 USD
2021-03-19 price VBMPX                             139.81 USD
2021-03-19 price RGAGX                             152.44 USD
2021-03-19 price ITOT                               54.25 USD
2021-03-19 price VEA                                92.44 USD
2021-03-19 price VHT                               237.47 USD
2021-03-19 price GLD                                68.26 USD
2021-03-26 price VBMPX                             139.27 USD
2021-03-26 price RGAGX                             154.35 USD
2021-03-26 price ITOT                               54.48 USD
2021-03-26 price VEA                                92.35 USD
2021-03-26 price VHT                               240.15 USD
2021-03-26 price GLD                                67.17 USD
2021-04-02 price VBMPX                             139.35 USD
2021-04-02 price RGAGX                             154.67 USD
2021-04-02 price ITOT                               55.10 USD
2021-04-02 price VEA                                90.80 USD
2021-04-02 price VHT                               239.08 USD
2021-04-02 price GLD                                66.09 USD
2021-04-09 price VBMPX                             138.95 USD
2021-04-09 price RGAGX                             154.20 USD
2021-04-09 price ITOT                               55.12 USD
2021-04-09 price VEA                                91.54 USD
2021-04-09 price VHT                               240.94 USD
2021-04-09 price GLD                                65.35 USD
2021-04-16 price VBMPX                             141.53 USD
2021-04-16 price RGAGX                             153.81 USD
2021-04-16 price ITOT                               55.08 USD
2021-04-16 price VEA                                91.90 USD
2021-04-16 price VHT                               240.41 USD
2021-04-16 price GLD                                65.84 USD
2021-04-23 price VBMPX                             140.59 USD
2021-04-23 price RGAGX                             154.19 USD
2021-04-23 price ITOT                               54.79 USD
2021-04-23 price VEA                                92.83 USD
2021-04-23 price VHT                               241.88 USD
2021-04-23 price GLD                                65.88 USD
2021-04-30 price VBMPX                             141.62 USD
2021-04-30 price RGAGX                             152.14 USD
2021-04-30 price ITOT                               54.90 USD
2021-04-30 price VEA                                91.57 USD
2021-04-30 price VHT                               240.68 USD
2021-04-30 price GLD                                65.50 USD
2021-05-07 price VBMPX                             139.13 USD
2021-05-07 price RGAGX                             151.98 USD
2021-05-07 price ITOT                               54.30 USD
2021-05-07 price VEA                                91.71 USD
2021-05-07 price VHT                               240.70 USD
2021-05-07 price GLD                                65.69 USD
2021-05-14 price VBMPX                             142.07 USD
2021-05-14 price RGAGX                             150.84 USD
2021-05-14 price ITOT                               54.71 USD
2021-05-14 price VEA                                92.03 USD
2021-05-14 price VHT                               241.83 USD
2021-05-14 price GLD                                65.05 USD
2021-05-21 price VBMPX                             142.86 USD
2021-05-21 price RGAGX                             154.54 USD
2021-05-21 price ITOT                               54.26 USD
2021-05-21 price VEA                                92.17 USD
2021-05-21 price VHT                               239.14 USD
2021-05-21 price GLD                                66.03 USD
2021-05-28 price VBMPX                             141.39 USD
2021-05-28 price RGAGX                             154.29 USD
2021-05-28 price ITOT                               54.32 USD
2021-05-28 price VEA                                92.20 USD
2021-05-28 price VHT                               239.19 USD
2021-05-28 price GLD                                64.68 USD
2021-06-04 price VBMPX                             144.56 USD
2021-06-04 price RGAGX                             154.14 USD
2021-06-04 price ITOT                               54.63 USD
2021-06-04 price VEA                                92.73 USD
2021-06-04 price VHT                               239.33 USD
2021-06-04 price GLD                                65.35 USD
2021-06-11 price VBMPX                             145.19 USD
2021-06-11 price RGAGX                             153.79 USD
2021-06-11 price ITOT                               54.51 USD
2021-06-11 price VEA                                93.14 USD
2021-06-11 price VHT                               236.12 USD
2021-06-11 price GLD                                64.89 USD
2021-06-18 price VBMPX                             145.88 USD
2021-06-18 price RGAGX                             154.87 USD
2021-06-18 price ITOT                               54.34 USD
2021-06-18 price VEA                                93.35 USD
2021-06-18 price VHT                               233.98 USD
2021-06-18 price GLD                                65.57 USD
2021-06-25 price VBMPX                             144.68 USD
2021-06-25 price RGAGX                             157.31 USD
2021-06-25 price ITOT                               54.15 USD
2021-06-25 price VEA                                93.97 USD
2021-06-25 price VHT                               235.67 USD
2021-06-25 price GLD                                66.33 USD
2021-07-02 price VBMPX                             145.94 USD
2021-07-02 price RGAGX                             160.44 USD
2021-07-02 price ITOT                               54.50 USD
2021-07-02 price VEA                                94.82 USD
2021-07-02 price VHT                               236.18 USD
2021-07-02 price GLD                                65.56 USD
2021-07-09 price VBMPX                             145.24 USD
2021-07-09 price RGAGX                             160.63 USD
2021-07-09 price ITOT                               54.95 USD
2021-07-09 price VEA                                95.02 USD
2021-07-09 price VHT                               237.67 USD
2021-07-09 price GLD                                65.39 USD
2021-07-16 price VBMPX                             152.09 USD
2021-07-16 price RGAGX                             159.80 USD
2021-07-16 price ITOT                               54.73 USD
2021-07-16 price VEA                                93.72 USD
2021-07-16 price VHT                               237.59 USD
2021-07-16 price GLD                                65.25 USD
2021-07-23 price VBMPX                             152.05 USD
2021-07-23 price RGAGX                             161.66 USD
2021-07-23 price ITOT                               54.68 USD
2021-07-23 price VEA                                93.18 USD
2021-07-23 price VHT                               239.47 USD
2021-07-23 price GLD                                66.44 USD
2021-07-30 price VBMPX                             151.21 USD
2021-07-30 price RGAGX                             161.99 USD
2021-07-30 price ITOT                               54.54 USD
2021-07-30 price VEA                                93.84 USD
2021-07-30 price VHT                               239.91 USD
2021-07-30 price GLD                                66.48 USD
2021-08-06 price VBMPX                             149.13 USD
2021-08-06 price RGAGX                             161.96 USD
2021-08-06 price ITOT                               54.87 USD
2021-08-06 price VEA                                93.61 USD
2021-08-06 price VHT                               243.35 USD
2021-08-06 price GLD                                66.41 USD
2021-08-13 price VBMPX                             154.23 USD
2021-08-13 price RGAGX                             164.61 USD
2021-08-13 price ITOT                               54.97 USD
2021-08-13 price VEA                                94.20 USD
2021-08-13 price VHT                               240.97 USD
2021-08-13 price GLD                                67.81 USD
2021-08-20 price VBMPX                             155.18 USD
2021-08-20 price RGAGX                             165.78 USD
2021-08-20 price ITOT                               54.78 USD
2021-08-20 price VEA                                94.28 USD
2021-08-20 price VHT                               243.72 USD
2021-08-20 price GLD                                66.71 USD
2021-08-27 price VBMPX                             156.84 USD
2021-08-27 price RGAGX                             165.47 USD
2021-08-27 price ITOT                               54.33 USD
2021-08-27 price VEA                                94.19 USD
2021-08-27 price VHT                               242.98 USD
2021-08-27 price GLD                                67.68 USD
2021-09-03 price VBMPX                             150.67 USD
2021-09-03 price RGAGX                             163.93 USD
2021-09-03 price ITOT                               54.21 USD
2021-09-03 price VEA                                94.34 USD
2021-09-03 price VHT                               244.07 USD
2021-09-03 price GLD                                66.81 USD
2021-09-10 price VBMPX                             150.59 USD
2021-09-10 price RGAGX                             164.13 USD
2021-09-10 price ITOT                               54.17 USD
2021-09-10 price VEA                                95.67 USD
2021-09-10 price VHT                               243.80 USD
2021-09-10 price GLD                                66.56 USD



* Cash

2021-09-13 price Assets::Account
